2106 3140
284 124 326 167 X
947 124 1284 169 PRAEFATIO

280 245 342 298 hb
379 250 512 310 Ιῖεῐῖᾶ
558 242 664 315 (ed.
703 249 864 297 Berol.
895 266 942 310 p.
978 251 1097 312 105,
1125 252 1151 296 1
1193 275 1266 282 —
1303 266 1350 311 p.
1386 243 1630 315 109,10)
1684 251 1947 312 pertinent.

280 323 365 371 fol.
397 325 429 370 4
463 338 541 371 611.
571 322 817 384 incipiunt
853 322 1199 370 Phaenomena
1236 322 1435 370 scholiis
1474 323 1745 372 interiectis
1782 326 1832 372 et
1863 325 1946 373 fol.

281 398 350 444 42
384 412 461 446 au.
503 398 686 444 exeunt
722 410 874 443 uersu
905 397 1024 444 430.
1100 398 1213 456 post
1250 395 1471 444 scholion
1509 398 1566 445 dc
1603 397 1773 452 YDra,
1814 398 1947 460 quod

279 469 364 519 fol.
395 471 464 519 43
498 469 611 519 adu.
648 484 805 531 usque
845 469 906 516 ad
943 468 1119 516 uerba:
1158 470 1283 517 duas
1318 484 1412 531 per
1439 470 1607 531 sz‘yula
1651 472 1804 519 latera
1849 465 1949 537 (ed.

278 544 442 592 Berol.
473 561 519 606 p.
557 545 675 606 181,
703 537 794 607 14)
826 542 1089 604 procurrit,
1121 541 1341 602 spatium
1372 542 1630 592 duodecim
1658 545 1761 592 fere
1792 545 1949 593 linea-

277 633 391 664 rum
443 632 661 665 uacuum
713 615 944 663 relictum
997 617 1094 678 est,
1146 615 1198 662 in
1251 616 1473 679 margine
1527 619 1697 665 autem
1742 618 1949 681 legitur:

278 692 403 739 deest
438 693 492 739 in
522 686 719 750 eiplari.
758 689 842 737 fol.
877 691 943 737 43
977 704 1056 737 au.
1095 688 1271 750 incipit
1309 689 1483 753 fragm.
1516 690 1588 737 IV
1628 684 1950 758 (52—163),

279 764 411 826 quod
456 763 643 812 scholia
688 763 860 810 eodem
914 762 1106 825 ordine,
1161 778 1259 826 quo
1315 763 1479 811 codice
1525 763 1834 813 Berolinensi
1882 758 1950 813 Vd

275 837 463 885 tradita
502 839 641 900 sunt,
691 836 943 898 excipiunt
980 838 1030 884 et
1068 836 1153 885 fol.
1188 838 1252 885 61
1288 851 1366 885 611.
1412 836 1464 884 111
1501 837 1623 885 11666
1661 840 1949 886 excurrunt:

276 914 511 970 totumque
533 912 744 971 spatium
766 911 963 971 impleat
984 911 1161 958 lumine
1189 911 1231 971 fi
1261 912 1379 970 quis.
1434 910 1606 959 eadem
1635 911 1744 960 folii
1767 912 1952 975 pagina

203 980 208 986 ”
276 983 446 1032 infima
483 984 690 1048 legitur:
730 984 843 1032 Non
871 986 977 1044 fene
1007 988 1147 1032 troua
1175 986 1285 1044 piu.
1323 984 1507 1048 itaque,
1539 1000 1651 1032 cum
1688 985 1838 1033 codex
1876 985 1951 1033 ita

277 1060 592 1120 comparatus
633 1058 710 1122 sit,
755 1058 842 1105 uix
889 1060 965 1106 est
1009 1057 1142 1121 quod
1188 1073 1303 1105 eum
1343 1057 1527 1106 ordinis
1566 1057 1808 1107 Italorum
1845 1074 1950 1107 esse

277 1131 450 1180 dicam.

187 1213 259 1258 A*
387 1204 551 1253 Codex
573 1203 938 1253 Arundelianus
969 1221 1015 1254 n.
1043 1207 1146 1253 268
1173 1204 1477 1267 chartaceuS‚
1502 1205 1662 1253 forma
1693 1206 1951 1270 quadrata,

275 1279 492 1327 incertae
532 1279 726 1342 aetatis,
765 1278 847 1326 fol.
883 1280 948 1327 96
983 1278 1267 1327 adu—fol.
1305 1280 1406 1327 103
1442 1294 1543 1342 au.,
1584 1279 1860 1342 descriptus
1899 1279 1952 1327 in

276 1352 550 1416 Catalogue
597 1353 651 1400 of
690 1352 1022 1413 Manuscripts
1068 1353 1120 1399 in
1172 1353 1257 1400 the
1303 1352 1494 1400 British
1539 1353 1789 1415 Museum,
1827 1353 1952 1402 New

277 1426 464 1490 Series,
503 1425 661 1475 Vol.1
690 1442 735 1487 p.
757 1426 825 1473 80
850 1426 940 1472 col.
963 1427 1007 1475 1.
1077 1425 1163 1487 qui
1201 1425 1349 1488 liber,
1389 1440 1502 1473 cum
1541 1427 1830 1475 chartaceus
1871 1427 1951 1490 sit,

276 1515 340 1548 an
364 1500 561 1548 saeculo
585 1499 707 1546 XIII
731 1515 760 1546 a
783 1499 1082 1547 Baehrensio
1117 1494 1192 1563 (P.
1211 1499 1263 1548 L.
1280 1500 1346 1547 Μ.
1361 1498 1387 1546 Ι
1409 1517 1455 1562 p.
1477 1494 1606 1565 143)
1638 1503 1770 1548 recte
1803 1500 1948 1548 attri-

274 1574 428 1622 butus
473 1589 572 1622 non
621 1574 710 1637 sit,
757 1573 864 1620 iure
911 1572 1239 1621 dubitandum
1287 1576 1374 1622 est.
1453 1574 1738 1621 litterarum
1783 1575 1952 1622 tamen

275 1648 476 1710 formae,
517 1662 726 1709 quarum
764 1646 1010 1708 specimen
1041 1647 1246 1708 praebet
1276 1648 1377 1698 tab.
1408 1647 1486 1694 III
1525 1647 1742 1711 catalogi
1791 1647 1952 1695 musei

275 1721 573 1784 Britannici,
620 1720 857 1768 uidentur
903 1736 1007 1768 esse
1062 1721 1249 1768 saeculi
1286 1721 1396 1772 XII.
1475 1737 1633 1783 neque
1681 1737 1737 1770 eo
1792 1721 1951 1770 secius

275 1794 568 1843 Edmundus
592 1794 780 1856 Bishop
803 1794 1162 1858 Londiniensis,
1194 1795 1274 1842 uir
1304 1795 1621 1845 doctissimus
1646 1797 1698 1843 et
1727 1795 1779 1842 in
1802 1795 1952 1843 rebus

274 1867 703 1932 palaeographicis
755 1867 1147 1931 uersatissimus,
1195 1868 1376 1919 codicis
1415 1868 1743 1917 Arundeliani
1796 1868 1948 1916 libra-

274 1942 405 1990 rium
443 1941 534 1989 XV
582 1941 766 1989 saeculi
803 1941 978 2005 fuisse,
1018 1943 1071 1990 at
1118 1942 1401 1991 litterarum
1454 1944 1597 1990 notas
1651 1942 1838 1989 saeculi
1881 1942 1953 1989 XI

277 2018 367 2064 aut
404 2015 501 2062 XII
538 2015 793 2063 imitatum
830 2015 991 2063 uideri
1028 2017 1207 2063 censet.
1269 2015 1321 2065 id
1360 2017 1560 2080 quidem
1602 2015 1774 2063 formis
1813 2015 1951 2064 litte-

274 2106 445 2138 rarum
470 2089 591 2136 STR
623 2091 673 2137 et
704 2089 1006 2152 compendiis
1031 2090 1082 2151 qe
1115 2091 1165 2136 et
1197 2087 1226 2136 a
1252 2081 1346 2155 (=
1372 2083 1477 2157 am)
1507 2089 1727 2137 indicari.
1783 2089 1953 2137 uirum

276 2165 445 2211 autem
488 2163 634 2210 illum
670 2163 743 2211 ita
782 2163 963 2210 sentire
1002 2163 1188 2210 Paulus
1228 2163 1287 2212 de
1318 2163 1618 2212 Winterfeld
1665 2162 1881 2225 epistula
1922 2178 1952 2211 a

275 2236 513 2298 Bishopio
553 2236 616 2284 ad
655 2235 889 2285 Carolum
926 2236 1118 2298 Hampe
1156 2237 1481 2301 Bonnensem,
1520 2236 1688 2284 uirum
1726 2236 1950 2284 doctissi-

275 2326 433 2374 mum,
478 2310 630 2358 missa
667 2325 745 2358 me
791 2310 1002 2358 edocuit.
1056 2310 1345 2359 inscribitur
1381 2311 1527 2360 liber:
1574 2311 1756 2370 Incipit
1800 2314 1951 2358 astro-

274 2386 438 2433 nomia
476 2386 607 2432 arati
644 2385 871 2444 astrologi
906 2385 1000 2443 filii
1038 2385 1313 2433 athenodori
1348 2379 1646 2450 (ather‘aodori
1675 2377 1952 2449 Baehrens)

277 2461 318 2506 et
341 2458 616 2518 delitophile.
657 2457 807 2505 habet
821 2456 1167 2506 Phaenomena
1192 2457 1470 2507 Germanici
1494 2473 1651 2520 usque
1676 2458 1739 2504 ad
1762 2473 1809 2505 u.
1832 2459 1952 2522 582,

277 2546 425 2594 quem
476 2531 757 2594 fragmenta
801 2530 874 2577 IV
920 2533 971 2579 et
1016 2530 1061 2576 V
1109 2532 1372 2594 excipiunt.
1447 2531 1749 2595 imaginibus
1796 2534 1952 2594 caret3

277 2621 398 2652 num
437 2604 638 2653 scholiis
677 2620 888 2668 quoque,
926 2607 986 2652 ut
1024 2604 1096 2652 ait
1133 2605 1398 2670 Baehrens,
1435 2608 1615 2668 careat,
1649 2616 1763 2652 non·
1777 2604 1951 2666 liquet.

276 2694 392 2726 nam
424 2679 515 2727 sub
546 2693 750 2726 numero
788 2680 852 2727 15
888 2693 1060 2726 eorum
1092 2679 1409 2743 scriptorum,
1449 2695 1574 2742 quae
1612 2677 1951 2726 Arundeliano

278 2752 608 2815 continentur,
639 2752 692 2799 in
724 2752 950 2815 catalogo
982 2753 1141 2800 musei
1176 2753 1449 2801 Britannici
1479 2771 1525 2815 p.
1553 2754 1622 2801 80
1651 2752 1744 2799 col.
1771 2753 1797 2798 1
1834 2751 1950 2798 affe-

275 2827 477 2874 runtur:
517 2820 880 2889 „‘Phenomena
917 2824 1063 2873 Arati
1101 2826 1152 2873 in
1198 2827 1499 2875 astronomia
1545 2826 1604 2873 de
1656 2824 1782 2872 coeli
1819 2824 1950 2886 posi-

275 2899 410 2948 tio'ne
443 2901 494 2948 et
525 2899 740 2962 quinque
780 2899 977 2948 circulis
1008 2900 1182 2947 mundi
1216 2903 1266 2948 et
1301 2901 1362 2949 de
1393 2898 1800 2949 similitudinibus
1833 2892 1952 2946 celi'
