2106 3140
255 153 361 197 XIV
907 151 1248 196 PRAEFATIO

253 277 317 326 M.
357 278 383 326 I
421 295 466 340 p.
497 270 624 344 145)
669 277 983 325 Hermannus
1028 276 1206 340 Hagen
1244 278 1460 325 testatus
1503 279 1600 342 est,
1640 276 1828 325 saeculi
1864 277 1922 325 X.
1990 298 1994 302 ·

253 351 589 414 inscriptione,
629 350 840 412 scholiis,
880 350 1182 412 imaginibus
1215 353 1362 398 caret.
1411 351 1680 413 scripturas
1721 350 1826 398 eius
1867 366 1926 398 ex

255 427 504 486 apparatu
541 423 831 471 Baehrensii
870 423 1072 483 sumpsi.

165 509 235 555 Bb
364 497 527 546 Codex
571 498 836 545 Rev-nensis
879 513 925 544 n.
960 498 1050 557 88,
1099 495 1217 543 olim
1262 496 1718 560 Argentoratensis,
1771 513 1924 545 mem-

250 571 535 633 branaceus,
573 571 732 618 forma
769 570 1004 628 maxima,
1045 569 1231 617 saeculi
1267 569 1326 632 X,
1365 569 1640 632 descriptus
1680 571 1741 618 ab
1780 571 1826 618 J.
1866 571 1923 619 R.

253 644 429 692 Sinner
446 638 610 710 (catal.
622 643 759 691 codd.
777 658 917 691 mscr.
935 642 1265 690 bibliothecae
1281 643 1543 692 Bernensis
1560 644 1585 692 I
1604 661 1650 706 p.
1661 647 1690 692 2
1701 646 1765 692 78
1778 638 1924 710 sqq.),

253 734 349 781 quo
381 718 644 765 Phaenom.
674 718 885 765 1—725
928 709 1180 783 (uersibus
1216 718 1503 766 157—240
1542 719 1593 766 et
1633 718 1921 766 394—445

252 783 469 854 omissis)
518 792 568 838 et
621 790 797 853 fragm.
836 789 913 837 III
953 792 1003 837 et
1040 789 1091 837 II
1143 790 1461 838 continentur
1514 784 1598 856 (cf.
1647 791 1720 839 ed.
1759 790 1923 838 Berol.

249 882 295 927 p.
337 864 481 911 XVII
511 879 578 926 sq.
629 865 679 911 et
716 863 904 911 Dahms
954 864 1063 912 loco
1111 866 1258 911 antea
1295 863 1512 912 indicato
1558 881 1605 926 p.
1639 857 1785 931 270).
1862 863 1922 912 de

249 938 566 986 Werinhario
614 937 865 1000 episcopo,
912 937 998 1000 qui
1044 937 1261 985 codicem
1300 937 1436 985 dedit
1483 939 1682 986 sanctae
1719 938 1922 1002 Mariae,

250 1012 309 1059 cf.
335 1011 683 1075 Wattenbach,
714 1011 1079 1059 Deutschlands
1113 1010 1606 1074 Geschichtsquellen
1636 1011 1705 1059 im
1734 1011 1923 1060 Mittel-

251 1086 379 1133 alter
408 1078 488 1132 II6
524 1078 635 1133 161.
1103 1130 1110 1134 .

182 1164 226 1208 L
361 1158 524 1207 Codex
569 1159 840 1214 LeidensiS,
888 1158 1007 1206 olim
1060 1158 1323 1222 Susianus,
1378 1174 1507 1206 nunc
1548 1158 1820 1207 Vossianus
1867 1159 1923 1208 L.

251 1231 304 1289 Q.
334 1235 416 1296 79,
447 1232 775 1280 bibliothecae
799 1232 1147 1280 uniuersitatis
1170 1232 1459 1294 litterariae,
1484 1233 1643 1280 forma
1666 1233 1924 1295 quadrata,

249 1306 381 1354 foliis
435 1305 789 1367 undecentum,
851 1305 1126 1367 descriptus
1188 1306 1240 1353 in
1298 1306 1537 1368 Catalogo
1595 1306 1923 1354 bibliothecae

248 1379 477 1442 publicae
523 1379 865 1427 uniuersitatis
910 1379 1321 1442 Lugd-Batauae
1367 1396 1410 1441 p.
1440 1381 1544 1428 383
1592 1380 1681 1428 col.
1714 1396 1763 1439 a,
1803 1380 1925 1428 item

249 1469 278 1501 a
317 1453 397 1502 W.
435 1453 496 1502 N.
537 1453 603 1500 du
642 1453 790 1516 Rieu,
831 1453 972 1501 cuius
1012 1453 1278 1515 descriptio
1317 1453 1369 1500 in
1409 1453 1580 1501 eadem
1621 1453 1924 1501 bibliotheca

249 1527 558 1589 adseruatur,
596 1543 754 1588 nuper
785 1541 814 1573 a
847 1526 1060 1590 Georgio
1086 1527 1255 1574 Thiele
1290 1521 1498 1592 (Antike
1522 1526 1925 1574 Himmelsbilder

247 1617 293 1662 p.
330 1602 395 1648 77
423 1595 567 1665 sqq.).
636 1601 711 1648 bis
758 1602 926 1648 autem
979 1600 1132 1649 habet
1175 1600 1362 1649 Aratea
1408 1602 1459 1648 et
1501 1602 1611 1648 tota
1658 1595 1922 1666 (1—725)

248 1674 431 1722 litteris
470 1674 766 1736 capitalibus
804 1674 1003 1722 rusticis
1035 1676 1086 1722 et
1119 1689 1276 1736 usque
1309 1674 1373 1721 ad
1410 1690 1458 1722 u.
1485 1675 1590 1723 445
1631 1674 1923 1722 minusculis

249 1748 447 1810 scripta.
501 1748 682 1796 litteris
721 1747 1017 1809 capitalibus
1055 1763 1232 1795 manus
1279 1748 1437 1795 altera
1474 1748 1800 1796 correctiones
1839 1747 1922 1796 ad-

250 1821 389 1870 didit.
457 1821 734 1883 planetario
773 1821 1030 1869 interiecto
1073 1822 1250 1885 fragm.
1289 1821 1365 1868 III
1403 1823 1454 1869 et
1491 1821 1542 1869 II
1579 1821 1924 1869 Phaenomena

251 1897 497 1944 secuntur.
567 1895 887 1957 inscriptione
942 1897 992 1943 et
1046 1895 1245 1943 scholiis
1300 1897 1455 1956 caret,
1505 1895 1800 1956 subscriptio
1847 1897 1923 1943 est

249 1984 390 2031 haec:
427 1984 555 2032 Vale.
579 1985 733 2043 fidens
762 1986 815 2033 in
845 1985 941 2032 dr'io
967 1984 1099 2031 XPI
1122 1985 1316 2031 vestitus
1347 1997 1519 2032 amore.
1575 1983 1921 2044 pulcherrimis

251 2060 418 2105 autem
441 2057 649 2119 picturis
674 2060 939 2106 exornatus
965 2059 1053 2105 est.
1101 2057 1159 2105 de
1193 2058 1357 2105 aetate
1389 2056 1590 2119 quidem
1612 2057 1791 2105 codicis
1823 2057 1923 2104 iam

250 2147 348 2179 non
380 2131 664 2195 ambigitur.
726 2147 842 2179 nam
873 2131 1025 2180 codex
1048 2131 1087 2178 L
1128 2133 1394 2192 postquam
1427 2129 1481 2179 Gr.
1508 2130 1677 2178 Thiele
1712 2124 1919 2196 <Antike

249 2204 653 2253 Himmelsbilder
674 2222 721 2267 p.
749 2198 842 2272 78)
867 2205 1114 2267 specimen
1138 2204 1413 2265 scripturae
1439 2204 1544 2252 eius
1570 2204 1758 2262 attulit,
1791 2219 1919 2252 nono

249 2278 446 2326 saeculo
487 2279 590 2326 sine
628 2279 736 2327 ulla
774 2279 1083 2327 dubitatione
1123 2278 1471 2326 adscribendus
1511 2280 1586 2325 est
1632 2270 1717 2342 (cf.
1751 2277 1921 2325 Thiele

250 2352 354 2400 eod.
379 2353 487 2401 loco
503 2369 550 2414 p.
570 2347 678 2417 83).
717 2368 773 2400 ac
797 2352 1033 2400 lectiones
1049 2352 1199 2400 huius
1215 2352 1330 2400 libri
1347 2368 1372 2399 e
1392 2351 1654 2400 collatione
1668 2350 1923 2398 Vlietiana

252 2426 474 2489 selectas,
515 2441 638 2489 quas
677 2442 804 2475 anno
840 2428 979 2475 1873
1019 2426 1071 2474 in
1108 2428 1476 2489 programmate
1508 2425 1791 2473 Erfurtensi
1829 2441 1920 2486 pu-

249 2499 367 2547 blici
413 2499 536 2547 iuris
575 2501 809 2563 feceram,
846 2500 911 2548 M.
952 2499 1003 2548 O.
1042 2499 1365 2547 Modderman
1403 2499 1563 2546 denuo
1603 2514 1716 2546 cum
1754 2498 1921 2546 codice

249 2572 492 2621 Vossiano
539 2573 612 2622 ita
650 2574 884 2634 contulit,
923 2576 983 2622 ut
1021 2573 1255 2636 quicquid
1293 2573 1354 2621 ab
1401 2573 1488 2620 illo
1540 2572 1833 2620 discesserat
1869 2571 1921 2618 in

251 2647 519 2708 exemplari
555 2647 693 2695 illius
731 2647 1130 2711 programmatis,
1170 2647 1302 2709 quod
1338 2648 1414 2695 est
1450 2646 1776 2694 bibliothecae
1808 2645 1917 2692 Lei-

250 2720 426 2780 densis,
453 2721 822 2769 accuratissime
846 2723 1054 2770 notaret.
1094 2720 1226 2769 idem
1251 2721 1499 2781 exemplar
1517 2719 1596 2767 W.
1612 2719 1673 2767 N.
1693 2720 1760 2766 du
1778 2718 1919 2781 Rieu,

251 2794 391 2842 cuius
429 2794 528 2842 uiri
565 2795 917 2843 liberalitatem
950 2799 1000 2842 et
1036 2794 1427 2843 beniuolentiam
1456 2793 1643 2841 recenti
1679 2791 1920 2840 memoria

249 2870 416 2932 teneo,
454 2868 577 2915 mihi
614 2868 878 2916 Erfurtum
922 2868 1199 2917 transmisit
1237 2870 1384 2931 atque
1432 2866 1738 2930 aliquamdiu
1776 2868 1918 2912 uten-

251 2940 369 2989 dum
402 2941 652 2991 concessit.
707 2942 827 2991 item
866 2942 909 2990 is
942 2942 1027 3004 qui
1065 2957 1195 2990 nunc
1231 2942 1310 2989 illi
1346 2941 1672 2990 bibliothecae
1709 2942 1922 3004 praeest,
