2106 3140
244 150 397 196 XXIV
921 148 1260 194 PRAEFATIO

259 274 501 324 orationis
539 275 809 323 uariandae
849 288 999 323 causa
1037 275 1198 322 labore
1236 275 1472 322 deuictam
1504 276 1709 335 effiqiem
1739 274 1948 323 uidetur

257 349 552 397 nominasse.
622 349 745 397 item
771 347 1052 396 Germanici
1082 347 1307 395 imitator
1337 346 1566 396 Auienus
1596 347 1736 396 Arat.
1761 364 1811 397 11.
1839 350 1946 398 186
1976 356 1985 388 ὃ

260 438 330 485 sq.
370 422 638 470 Herculem
676 423 839 469 labore
878 422 1116 469 deuictum
1153 420 1370 468 uocauit.

381 495 658 543 Eberhardi
683 495 844 557 Vogel
872 509 1038 542 errore
1070 493 1305 542 inductus
1331 509 1534 542 uersum
1561 497 1667 544 290
1699 495 1752 542 in
1775 495 1840 543 M
1867 497 1952 558 leg

259 585 421 631 nuper
446 569 548 616 dixi
575 562 1143 634 (Festschr.d.Erfurter
1157 564 1333 629 Gymn.
1356 569 1509 617 1897.
1527 564 1794 631 Abhdl.6).
1835 584 1944 619 eum

265 645 435 690 autem
466 657 669 689 uersum
708 657 737 689 a
772 641 977 688 librario
1008 642 1076 688 M
1109 641 1346 689 omissum
1384 657 1489 689 esse
1527 641 1945 704 locupletissimus

257 716 401 764 testis
422 717 498 763 est
509 716 554 764 J.
566 714 838 762 Tschiedel.
870 717 1128 776 praeterea
1144 730 1274 763 nunc
1289 730 1405 763 nam
1421 715 1627 764 retineri
1641 731 1785 777 posse
1804 716 1941 764 duco.

371 787 684 851 Quamquam
729 804 778 837 u.
822 789 925 836 313
980 784 1034 837 Ο
1077 788 1228 836 habet
1275 791 1412 852 repit,
1459 789 1540 836 Ba
1584 792 1755 837 autem
1802 792 1853 837 et
1897 787 1940 839 L

258 863 399 925 reyit,
452 864 623 909 tamen
677 861 811 925 quod
867 860 1071 910 Grotius
1130 862 1340 910 coniecit
1391 863 1515 911 redit
1565 863 1618 911 in
1680 863 1946 925 archetypo

258 936 412 984 fuisse
463 935 624 984 credo.
707 951 866 998 neque
914 936 1046 983 enim
1092 935 1359 998 quicquam
1404 935 1602 984 facilius
1651 936 1946 985 commutari

257 1011 458 1071 poterat
504 1025 654 1072 quam
691 1010 743 1057 D
782 1011 833 1057 et
870 1009 933 1072 P,
972 1009 1116 1056 uelut
1153 1026 1201 1057 u.
1238 1011 1340 1058 106
1387 1006 1440 1059 0
1477 1009 1628 1058 habet
1675 1012 1941 1071 iniercipit,

262 1082 316 1132 Z
356 1081 610 1132 intercidit
663 1075 747 1149 (cf.
796 1083 948 1131 etiam
992 1082 1263 1144 Maybaum
1310 1100 1358 1145 p.
1401 1078 1510 1147 35).
1595 1099 1652 1131 ac
1697 1084 1944 1146 particula

259 1161 371 1205 tunc
416 1159 531 1205 ante
578 1158 671 1205 alte
715 1157 879 1218 posita
923 1157 1040 1204 huic
1086 1156 1323 1205 aduerbio
1373 1157 1641 1205 secundam
1689 1157 1857 1206 sedem
1893 1157 1944 1205 in

257 1245 411 1278 uersu
456 1230 667 1279 attribui
711 1230 1032 1278 manifestum
1071 1233 1148 1278 est
1186 1232 1245 1278 cf.
1286 1246 1412 1293 quae
1467 1246 1617 1292 supra
1655 1231 1719 1279 ad
1755 1247 1804 1279 11.
1841 1232 1942 1279 152

259 1304 622 1352 adnotauimus.
701 1304 872 1367 itaque
918 1304 1074 1352 Paulo
1121 1304 1180 1353 de
1226 1304 1527 1353 Winterfeld
1580 1307 1636 1352 ut
1675 1309 1786 1353 tunc
1823 1307 1945 1365 repit

261 1377 514 1438 Cynosura
538 1380 629 1426 alte
660 1378 906 1426 scribatur
935 1378 1214 1439 postulanti
1245 1370 1332 1444 (cf.
1363 1378 1530 1427 Herm.
1562 1378 1700 1425 XXX
1731 1395 1781 1440 p.
1813 1371 1945 1444 560)

259 1452 500 1500 adsentiri
538 1467 743 1514 nequeo.
823 1450 1145 1500 Germanicus
1182 1454 1366 1515 autem,
1406 1452 1500 1500 etsi
1539 1451 1703 1500 sidera
1736 1452 1947 1500 orientia

262 1526 315 1573 in
353 1526 546 1574 caelum
583 1525 668 1573 uel
706 1525 842 1573 caelo
882 1525 1143 1573 redeuntia
1180 1525 1343 1573 facere
1383 1526 1530 1586 solet,
1577 1525 1671 1574 hoc
1716 1525 1848 1588 loco,
1888 1528 1947 1573 ut

259 1599 406 1647 Arati
444 1599 599 1647 uerba
639 1593 709 1665 (11.
745 1594 875 1662 309)
915 1597 1012 1662 «ὕψι
1052 1597 1180 1662 μάλα
1217 1598 1407 1664 τροχάει
1444 1599 1818 1661 interpretetur,
1850 1597 1947 1662 Cy-

260 1688 517 1736 nosuram,
573 1673 756 1735 quippe
813 1688 939 1735 quae
993 1687 1267 1735 numquam
1315 1673 1527 1737 occidat,
1582 1673 1684 1721 alte
1729 1673 1760 1722 i.
1809 1689 1848 1721 6.
1894 1673 1948 1720 in

264 1747 480 1795 culmine
521 1747 647 1795 caeli
685 1763 866 1810 gyrum
903 1761 1049 1794 suum
1086 1746 1283 1794 trahere
1323 1746 1456 1795 dicit.

372 1821 613 1869 Memoria
658 1820 884 1868 codicum
927 1821 975 1867 P
995 1821 1062 1867 M
1078 1819 1127 1867 A
1151 1821 1180 1846 ὕ
1203 1819 1240 1868 S
1262 1834 1291 1875 ς
1338 1824 1492 1868 cetera
1529 1836 1578 1870 u.
1612 1822 1717 1869 402
1770 1819 1947 1867 Aratei

262 1890 423 1943 ἄλλων
473 1888 544 1959 (u.
589 1890 722 1958 413)
769 1894 1106 1943 admonemur.
1189 1909 1348 1956 neque
1394 1893 1553 1956 igitur
1598 1893 1774 1942 Vossio
1820 1893 1948 1941 hanc

262 1968 530 2016 lectionem
573 1971 634 2016 ut
678 1968 860 2016 siccam
904 1983 1022 2029 prae
1071 1967 1318 2029 scriptura
1364 1967 1588 2016 codicum
1634 1967 1713 2013 Ba
1749 1967 1798 2014 L
1837 1971 1950 2014 tem-

251 2057 384 2103 pora
421 2042 706 2106 neglegenti
743 2041 1112 2090 assentiendum
1150 2044 1240 2090 est.

371 2115 419 2164 J.
458 2116 589 2178 Frey
634 2131 747 2164 nou,
795 2131 922 2164 mus.
961 2115 1116 2163 Rhen.
1163 2115 1287 2163 XIII
1332 2132 1379 2177 p.
1419 2116 1524 2163 417
1580 2129 1784 2162 uersum
1839 2115 1945 2162 457

263 2189 418 2237 deleri
461 2189 628 2238 uoluit
673 2192 724 2238 et
763 2188 966 2238 Grotius
1015 2204 1213 2237 uersum
1252 2190 1357 2237 458
1406 2188 1788 2250 suppositicium
1826 2203 1949 2235 eun-

264 2263 475 2325 demque
531 2279 590 2311 ex
642 2262 893 2312 Ciceronis
945 2278 1099 2311 uersu
1155 2264 1258 2311 249
1315 2265 1366 2311 et
1413 2260 1695 2310 Germanici
1749 2277 1798 2309 u.
1838 2262 1946 2310 496

265 2336 658 2385 contaminatum
691 2352 796 2385 6666
829 2337 1036 2385 censuit.
1068 2352 1168 2399 qua
1199 2336 1258 2384 de
1282 2352 1335 2384 re
1366 2353 1412 2398 p.
1437 2336 1508 2384 IX
1539 2335 1770 2384 editionis
1793 2335 1949 2383 Bero-

264 2410 471 2458 linensis
510 2411 631 2459 satis
671 2411 861 2459 dictum
897 2410 1112 2460 uidetur.
1181 2447 1189 2455 .

374 2484 560 2532 Versus
607 2484 705 2533 duo
753 2487 868 2546 post
912 2500 1116 2533 uersum
1153 2486 1259 2533 472
1293 2499 1324 2532 a
1359 2482 1411 2532 Z
1444 2482 1621 2531 traditi
1665 2482 1850 2544 partim
1888 2498 1950 2530 ex

271 2556 552 2605 Germanici
595 2574 643 2606 u.
676 2560 806 2620 474,
851 2558 1037 2620 partim
1082 2574 1143 2607 ex
1187 2557 1286 2606 alio
1326 2557 1587 2620 scriptore,
1626 2557 1713 2619 qui
1750 2570 1949 2604 umeros

267 2629 581 2693 Ophiucheos
611 2634 800 2695 uastOS,
830 2648 944 2694 non,
983 2634 1042 2680 ut
1071 2631 1261 2680 Aratus
1292 2648 1338 2679 u.
1365 2633 1487 2694 450,
1525 2630 1760 2692 pulchros
1790 2629 1948 2677 nomi-

265 2707 476 2753 nauerat
529 2708 580 2753 et
631 2706 766 2753 tauri
819 2706 1063 2769 ungulam
1122 2705 1308 2753 circulo
1369 2705 1562 2753 aestiuo
1622 2703 1763 2767 tangi
1818 2702 1950 2750 falso

266 2781 356 2827 aut
394 2778 631 2827 docuerat
684 2781 774 2827 aut
827 2779 1051 2827 docuisse
1104 2779 1399 2841 putabatur,
1446 2777 1770 2826 contaminati
1815 2778 1945 2824 sunt.

266 2867 390 2914 quos
429 2853 777 2915 suppositicios
817 2867 921 2901 esse
971 2853 1162 2914 primus
1199 2853 1331 2900 uidit
1367 2852 1412 2900 J.
1454 2851 1505 2902 O.
1546 2851 1814 2912 Schwartz,
1862 2849 1948 2897 sed

268 2929 319 2974 et
362 2926 443 2976 hic
497 2929 548 2975 et
591 2927 692 2975 iam
746 2929 860 2975 ante
911 2942 1025 2975 eum
1065 2925 1268 2975 Grotius
1305 2942 1353 2975 u,
1387 2927 1675 2975 461—472
1717 2923 1780 2971 ad
1818 2923 1949 2971 arbi-
