2106 3140
212 144 282 197 36
777 143 999 189 CLAVDI
1029 142 1315 189 CAESARIS

210 268 392 317 ultima
431 269 590 318 cauda
627 269 799 333 micat,
837 270 1000 317 tortus
1038 268 1189 317 habet
1225 268 1315 316 illa
1353 267 1612 317 timendos.

210 359 299 392 nec
337 344 496 392 multo
535 343 860 405 arctophylax
897 337 1004 389 †his
1042 342 1189 406 longe
1227 341 1451 391 subiacet
1489 342 1662 406 astris,

120 433 187 467 595
210 416 398 465 lumine
438 417 525 480 qui
563 415 722 478 primo
762 431 876 464 cum
913 416 1130 477 scorpios
1171 415 1350 464 occidit
1385 415 1533 465 undis

210 491 457 539 occulitur
492 489 728 553 pedibus3
756 489 911 560 ’durat
948 491 1115 536 tamen
1154 488 1340 537 arduus
1378 505 1483 554 ore,

206 563 324 611 dum
362 563 578 627 rigidum
616 562 841 626 aegoceri
879 561 1078 627 signum
1114 563 1244 610 freta
1282 563 1449 611 lucida
1485 564 1653 612 terret.

117 658 120 662 ¹
206 637 396 685 siderea
434 636 521 684 uix
558 638 668 683 tum
707 636 920 684 satiatus
957 636 1067 684 luce
1105 635 1277 686 bootes

205 710 258 758 in
295 712 452 758 terras
491 709 597 758 abit
635 712 685 758 et
723 708 881 758 noctis
919 710 1036 772 plus
1074 711 1215 772 parte
1254 710 1506 774 relinquit.

116 801 183 834 coo
208 785 262 832 at
299 786 472 832 contra
511 784 649 831 nullo
691 783 910 832 defectus
948 783 1136 832 lumine
1174 785 1312 832 totus

207 856 360 906 Orion
398 857 582 905 umeris
621 857 897 920 splendebit
934 873 1216 921 magnaque
1259 857 1366 906 diui

203 931 390 995 uagina
429 933 480 979 et
516 931 649 980 claro
691 931 913 979 caelatus
951 931 1146 980 balteus
1185 931 1305 996 igni.

203 1020 389 1053 cornua
428 1007 477 1053 et
515 1004 766 1053 Eridanus
807 1004 998 1067 liquido
1037 1005 1162 1054 feret
1199 1007 1416 1068 utraque
1456 1004 1606 1054 caelo.

320 1078 390 1126 At
428 1094 540 1126 cum
578 1078 740 1141 prima
777 1077 897 1126 iuba
933 1079 1142 1127 radiarit
1177 1078 1378 1127 flamma
1415 1079 1630 1141 leonis,

116 1169 180 1203 605
210 1151 449 1215 quicquid
486 1155 630 1215 parte
667 1152 841 1215 micat,
879 1153 1015 1201 caclo
1054 1154 1286 1202 nascente
1326 1153 1417 1201 sub
1455 1152 1615 1200 undas

209 1242 351 1274 omne
391 1226 497 1274 abit
535 1227 687 1288 atque
726 1227 819 1274 feri
857 1226 1103 1274 uenientis
1142 1226 1338 1290 defugit
1377 1242 1476 1275 ora.

202 1301 316 1349 tota
354 1299 490 1349 Iouis
527 1315 689 1348 mersa
727 1302 803 1348 est
839 1301 1013 1362 pennis
1051 1300 1367 1348 stellantibus
1406 1301 1529 1364 aleS‚

205 1373 395 1436 quique
434 1390 566 1438 genu
603 1373 767 1436 posito
808 1373 1042 1438 defessus,
1081 1374 1312 1422 conditur
1347 1374 1494 1421 undis

205 1463 348 1496 crure
386 1451 554 1510 tenus;
591 1448 721 1496 redit
757 1447 810 1495 in
849 1448 1043 1496 caelum
1080 1448 1216 1496 uasti
1254 1450 1406 1510 caput
1443 1446 1590 1510 hydri

115 1538 181 1572 610
209 1523 260 1569 et
297 1521 471 1583 pernix
508 1522 650 1584 lepus
690 1523 741 1570 et
777 1537 996 1584 procyon
1035 1524 1086 1570 ct
1125 1521 1285 1570 Sirius
1322 1521 1428 1585 ipse

208 1595 465 1658 totiusque
505 1595 640 1644 canis
677 1595 841 1643 rabidi
878 1595 1097 1659 uestigia
1134 1595 1309 1658 prima.

313 1669 496 1731 Accipe
536 1685 665 1732 quae
703 1669 868 1718 uitent
907 1685 1107 1718 exorsae
1145 1669 1411 1734 uirginis
1450 1684 1559 1719 ora:

203 1742 468 1805 delphinus
506 1743 655 1792 motis
694 1743 797 1791 iam
834 1746 946 1791 tum
984 1743 1235 1792 deflexerit
1272 1743 1419 1792 undis

204 1819 256 1865 et
292 1818 404 1879 lyra
441 1816 583 1866 dulce
623 1832 802 1865 sonans
843 1819 895 1864 et
931 1816 1143 1866 flammis
1182 1817 1345 1866 cincta
1383 1817 1571 1881 sagitta

115 1906 181 1940 615
205 1892 256 1939 et
293 1890 471 1939 niueus
510 1907 700 1955 cygnus
738 1891 1018 1953 properarit
1054 1892 1258 1955 tangere
1297 1891 1478 1939 fluctus

208 1960 446 2028 (utraque
483 1981 646 2027 penna
681 1957 899 2031 uolans),
938 1965 1148 2013 caudam
1185 1964 1273 2012 uix
1309 1965 1445 2013 lucet
1482 1963 1546 2013 ad
1582 1963 1754 2027 ipsam.

205 2038 539 2103 nigrescitque
577 2038 771 2103 Padus,
808 2041 970 2087 terrae
1010 2039 1098 2101 qui
1134 2038 1387 2101 proximus
1426 2036 1599 2087 amnis.

326 2168 410 2208 593
436 2164 581 2208 habet
604 2166 650 2209 Z
676 2164 797 2208 latet
818 2179 863 2208 m
886 2178 935 2221 p.
954 2167 1014 2209 45
1045 2165 1101 2219 cf.
1122 2165 1270 2222 praef.
1289 2178 1339 2222 p.
1357 2164 1569 2209 XXVII
1584 2166 1599 2221 Η
1623 2167 1711 2207 594
1734 2165 1882 2208 arcto-

206 2223 384 2281 phylax
407 2240 433 2280 y
476 2225 483 2282 1
524 2223 598 2266 his
628 2228 703 2277 (ex
732 2222 773 2267 is
797 2224 875 2267 Ba
897 2239 952 2268 m.
978 2226 1026 2279 1)
1062 2225 1108 2268 Z
1149 2223 1226 2267 hic
1257 2225 1366 2281 (non
1394 2222 1521 2280 hinc)
1551 2240 1578 2280 γ
1620 2225 1627 2279 Ι
1673 2222 1884 2267 subiacet

206 2281 346 2326 astris
365 2284 411 2326 Z
450 2297 484 2327 s.
503 2284 628 2326 astro
653 2299 679 2339 γ
708 2283 714 2342 Ι
749 2298 812 2327 an
842 2282 915 2326 his
947 2282 1086 2338 longe
1111 2281 1309 2326 disiacet
1340 2281 1507 2325 astris?
1540 2283 1568 2341 β
1604 2296 1745 2340 neque
1774 2295 1883 2328 uero

206 2340 405 2385 disiacet
435 2347 654 2399 quantum
676 2344 768 2386 scio
793 2342 1018 2386 Latinum
1040 2347 1103 2386 est
1133 2342 1190 2397 cf.
1216 2356 1262 2386 m
1285 2355 1333 2398 p.
1352 2344 1412 2386 45
1434 2342 1449 2398 ΙΙ
1472 2345 1558 2384 597
1591 2340 1804 2398 aegoceri
1827 2341 1885 2401 ὐΗ

207 2404 292 2445 598
318 2399 510 2444 Siderea
526 2401 577 2444 Ε
604 2398 1000 2445 SideraeaBaBb
1029 2402 1035 2458 Ι
1062 2401 1229 2445 tumE
1260 2402 1395 2444 tuum
1409 2400 1478 2444 Ba
1492 2401 1638 2445 altera
1654 2402 1784 2445 udel.
1803 2401 1848 2444 L
1871 2400 1881 2460 Ι

207 2458 406 2503 satiatus
438 2459 483 2502 L
504 2463 519 2516 u
551 2463 633 2503 601
666 2460 837 2503 umeris
868 2474 952 2505 scr.
984 2458 1187 2503 humeris
1221 2461 1267 2503 Z
1293 2461 1309 2516 ΙΙ
1339 2463 1423 2502 602
1455 2459 1666 2503 caelatus
1696 2476 1723 2516 γ
1763 2459 1883 2503 cela·

205 2520 283 2562 tus
308 2520 354 2562 Z
372 2519 388 2575 Η
411 2522 496 2561 603
529 2518 759 2562 Eridanus
775 2534 802 2564 v
908 2523 994 2563 605
1020 2523 1126 2575 post
1141 2517 1286 2562 micat
1300 2520 1589 2575 interpunxit
1611 2519 1884 2574 Winterfeld

207 2577 364 2622 Herm.
385 2578 540 2622 XXX
552 2592 602 2634 p.
622 2581 712 2622 559
738 2579 745 2636 Ι
773 2578 902 2634 caelo
928 2580 974 2622 Z
1001 2577 1131 2622 caelo
1155 2577 1243 2621 hoc
1266 2594 1293 2634 y
1329 2591 1495 2621 cancro
1523 2576 1787 2622 Schaubach
1809 2577 1874 2637 m}

209 2640 294 2680 606
328 2635 474 2680 Omne
499 2637 549 2681 E
592 2636 786 2680 Omnem
817 2637 947 2681 BaL
981 2640 986 2692 Ι
1019 2636 1108 2680 feri
1137 2653 1164 2694 γ
1211 2636 1303 2680 fert
1334 2639 1380 2681 Z
1421 2635 1540 2680 feret
1569 2651 1626 2681 ex
1655 2651 1769 2682 corr.
1802 2636 1846 2680 L

207 2708 348 2799 {3227
364 2695 596 2811 1ὴῖἑῖίὲ
624 2697 754 2799 Ιὲὃὲἒῖ
762 2695 987 2800 ἓθῖῗῗδὲε
1011 2694 1883 2812 {5222fftss533m8³3r2¹1¹0305321¹2232¹0n2¹2222¹

207 2818 273 2858 set
301 2830 329 2870 γ
436 2818 520 2857 612
555 2827 743 2858 exorsae
770 2816 816 2858 Z
844 2827 1008 2858 exosae
1038 2815 1112 2859 uel
1142 2816 1329 2858 exortae
1352 2813 1598 2858 Burmann
1619 2815 1635 2870 ΙΙ
1658 2817 1743 2856 613
1773 2812 1881 2856 Del-

206 2871 378 2928 phinus
409 2873 490 2916 Ba
537 2874 544 2931 Ι
600 2873 740 2917 motis
773 2874 818 2917 Z
865 2872 988 2917 notis
1021 2890 1047 2930 y
1103 2874 1111 2930 Ι
1168 2872 1407 2917 deflexerit
1437 2874 1484 2917 Z
1537 2871 1779 2916 defluxerit
1808 2888 1836 2928 y
1865 2871 1883 2930 ΙΙ

210 2935 293 2974 617
327 2931 408 2987 qui
440 2934 485 2976 Z
535 2945 629 2988 qua
659 2946 685 2977 0

1908 1082 2007 1132 590

1909 1671 2007 1721 596
