2106 3140
778 649 1269 709 PRAEFATIO

293 888 497 936 Praeter
536 901 618 935 eos
664 886 817 935 libros
849 902 999 934 manu
1037 887 1268 950 scriptos,
1315 901 1438 949 quos
1478 886 1596 935 olim
1635 886 1698 935 ad
1737 886 1856 935 Ger-

180 962 363 1010 manici
393 961 579 1010 Aratea
610 961 810 1024 edenda,
850 976 976 1023 quae
1010 976 1136 1009 anno
1165 961 1302 1009 1867
1346 976 1375 1008 a
1407 958 1619 1024 Georgio
1659 961 1856 1009 Reimer

179 1037 438 1097 redempta
467 1034 688 1083 Berolini
718 1035 850 1083 foras
883 1034 1001 1082 data
1032 1036 1163 1098 sunt,
1203 1049 1290 1096 per
1319 1034 1673 1082 liberalitatem
1705 1037 1855 1097 atque

181 1109 454 1158 amicitiam
482 1108 686 1156 Martini
716 1108 865 1157 Hertz
898 1108 1130 1157 adhibere
1162 1107 1281 1155 mihi
1314 1108 1538 1167 licuerat,
1569 1123 1699 1156 nunc
1731 1108 1854 1155 mihi

180 1185 378 1245 praesto
418 1184 621 1230 fuerunt
659 1184 748 1230 aut
784 1182 882 1244 ipsi
920 1184 1008 1230 aut
1047 1182 1110 1230 ab
1150 1181 1262 1230 aliis
1302 1181 1472 1230 collati
1508 1181 1638 1230 hice:

300 1256 463 1304 Codex
492 1256 822 1305 Berolinensis
858 1256 1188 1304 bibliothecae
1218 1255 1420 1319 Regiae,
1456 1256 1719 1304 Meerman.
1754 1257 1860 1305 130
1883 1254 1929 1299 Β

195 1327 550 1392 (Phillippicus
584 1323 765 1395 1832),
805 1330 923 1378 olim
960 1329 1211 1393 Metensis,
1248 1329 1663 1389 membranaceuS,
1701 1330 1862 1378 forma

193 1404 430 1467 maxima,
478 1404 662 1452 saeculi
698 1404 790 1467 IX,
830 1419 860 1451 a
896 1403 1162 1452 Valentino
1200 1403 1329 1452 Rose
1368 1403 1736 1452 accuratissime
1776 1403 1859 1452 de-

187 1478 401 1540 scriptus
441 1470 524 1544 (cf.
552 1477 892 1526 Verzeichniss
925 1477 1012 1525 der
1034 1476 1708 1540 Meerman·Handschriften,
1739 1477 1859 1525 Ber-

180 1551 252 1599 lin
294 1553 432 1601 1892
473 1568 520 1613 p.
562 1553 664 1600 293
713 1551 804 1601 col.
839 1554 865 1599 1
909 1568 955 1599 n.
991 1543 1062 1617 9).
1138 1551 1191 1598 in
1244 1566 1341 1613 quo
1396 1550 1522 1599 libro
1575 1549 1858 1599 Germanici

180 1623 368 1673 Aratea
406 1624 606 1686 scriptis
646 1624 946 1688 quibusdam
976 1624 1139 1672 Bedae
1178 1623 1457 1685 presbyteri
1494 1623 1689 1672 adiecta
1727 1626 1858 1673 sunt.

180 1698 471 1746 inscribitur
500 1698 679 1747 folium
710 1700 776 1746 81
805 1698 941 1746 adu.:
987 1697 1436 1746 EXC'ERPTVM
1469 1698 1576 1745 DE
1608 1696 1855 1746 ASTRO-

179 1771 405 1820 LOGIA
436 1771 675 1820 ARATI.
727 1774 964 1820 secuntur
995 1771 1182 1820 scholia
1213 1770 1458 1834 quaedam
1491 1771 1690 1820 scholiis
1713 1771 1856 1821 Basi-

180 1845 429 1894 leensibus
468 1846 652 1909 aliena,
692 1861 819 1908 quae
859 1845 922 1893 ab
960 1845 1038 1894 his
1084 1845 1250 1894 uerbis
1289 1845 1556 1907 incipiunt:
1595 1846 1709 1894 Duo
1747 1849 1862 1895 sunt

181 1922 376 1968 extremi
428 1921 628 1968 uertices
671 1921 840 1968 mimdi
894 1934 1010 1979 quos
1056 1920 1302 1980 appellant
1344 1921 1485 1979 polos
1528 1922 1861 1980 septentrionis

181 1997 223 2041 et
261 1995 425 2042 austri
456 1995 507 2041 et
543 1993 628 2043 fol.
662 1994 729 2042 85
763 2009 843 2043 au,
881 1993 934 2040 in
971 1993 1092 2041 haec
1130 1993 1383 2042 desinunt:
1422 1991 1679 2042 Anticanis
1722 1994 1862 2043 habet

180 2067 346 2116 stellas
386 2067 524 2116 .III·
563 2070 593 2115 t
615 2067 755 2115 IIII
759 2092 783 2116 ·.
859 2066 1049 2115 Aratus
1088 2069 1257 2115 autem
1289 2065 1568 2115 Germanici
1604 2067 1738 2131 ipse,
1778 2067 1859 2115 cui

180 2140 372 2189 scholia
419 2140 724 2189 Basileensia
772 2141 960 2189 inserta
1007 2142 1145 2200 sunt,
1192 2141 1277 2189 fol.
1319 2142 1407 2190 86*
1434 2142 1546 2189 adu.
1586 2140 1763 2203 incipit
1809 2143 1862 2189 et

179 2214 264 2262 fol.
302 2216 372 2263 90
411 2230 488 2262 au,
539 2213 712 2263 finitur
749 2230 902 2263 uersu
937 2215 1055 2264 146.
1131 2217 1241 2262 tum
1279 2214 1466 2262 scholia
1504 2214 1861 2263 continuantur

178 2302 339 2351 usque
379 2288 442 2335 ad
480 2287 658 2337 folium
699 2290 763 2337 91
793 2288 927 2351 adu.‚
967 2287 1056 2336 ubi
1101 2288 1171 2337 sic
1217 2290 1510 2337 excurrunt:
1555 2290 1694 2349 uirqo
1731 2291 1858 2350 siqu-

179 2365 323 2409 ratwr
360 2362 509 2410 stellis
547 2362 623 2409 ·X
634 2362 762 2411 VII·
810 2363 869 2411 cf.
908 2362 975 2410 Μ.
1014 2362 1253 2410 Manitius
1301 2355 1496 2428 (Rhein.
1536 2362 1662 2410 Mus,
1701 2361 1764 2410 N.
1802 2363 1857 2411 F.

182 2434 323 2481 LXII
352 2451 399 2496 p.
429 2428 558 2502 131)
584 2436 683 2498 qui,
716 2436 813 2484 nisi
837 2437 965 2485 forte
997 2436 1261 2498 typotheta
1285 2435 1488 2499 errauit,
1511 2451 1637 2498 quae
1670 2436 1860 2485 scholia

179 2507 485 2556 Basileensia
522 2511 653 2573 sunt,
692 2510 819 2558 falso
858 2510 1084 2558 nominat
1112 2509 1396 2557 Beruensia.
1446 2510 1539 2558 hoc
1576 2511 1744 2558 autem
1776 2525 1855 2558 co-

183 2581 288 2629 dice
321 2581 512 2643 primus
537 2581 783 2632 Aemilius
813 2584 1067 2631 Baehrens
1105 2597 1226 2632 usus
1257 2585 1335 2631 est
1372 2599 1584 2646 eumque
1616 2583 1678 2631 ad
1716 2583 1858 2631 fami-

180 2654 301 2702 liam
337 2651 391 2704 Ο
420 2655 666 2716 pertinere
696 2656 944 2705 intellexit
983 2650 1067 2724 (cf.
1084 2657 1137 2705 P.
1154 2657 1210 2705 L.
1225 2657 1290 2705 M.
1313 2657 1338 2704 I
1359 2673 1405 2719 p.
1428 2658 1529 2706 143
1557 2650 1702 2724 sqq.),
1740 2672 1857 2704 nam

179 2728 398 2776 codicem
442 2728 812 2778 Berolinensem
857 2730 919 2778 ab
969 2731 1140 2779 eodem
1186 2731 1454 2792 archetypo
1502 2745 1558 2778 ac
1603 2730 1855 2778 Basileen-

180 2816 284 2850 sem
329 2802 606 2864 profectum
645 2818 734 2851 nec
779 2805 948 2852 tamen
994 2804 1210 2853 alterum
1247 2804 1308 2852 de
1348 2804 1505 2852 altero
1553 2803 1857 2866 descriptum
1935 2850 1938 2853 .

180 2890 285 2924 esse
323 2876 460 2938 ipsae
500 2876 761 2940 utriusque
799 2876 916 2925 libri
954 2877 1225 2940 scripturae
1264 2879 1529 2926 testantur.
