2106 3140
839 102 1179 148 PRAEFATIO
1720 103 1851 147 XVII

159 231 439 293 deprauata
495 229 582 292 sit,
635 228 712 276 illi
768 228 945 276 arbitri
998 228 1119 276 certi
1166 243 1271 276 esse
1322 230 1541 289 possunt.
1628 229 1851 276 attamen

164 303 447 352 Germanici
491 317 648 367 genus
694 301 1073 364 interpretandi,
1126 317 1224 364 quo
1269 301 1615 364 interpretatio
1669 301 1851 349 Latina

163 392 518 439 saepenumero
565 376 800 423 abhorret
838 391 868 423 3
908 375 1094 424 Graeco
1142 377 1366 438 auctore,
1422 375 1551 423 ratio
1607 374 1851 422 ductuum

163 452 448 500 litterarum
484 449 807 512 traditarum,
840 448 1146 498 consuetudo
1187 448 1426 497 sermonis
1457 448 1626 496 Latini
1663 448 1715 495 in
1748 449 1848 510 pri-

162 525 256 572 mis
305 526 588 586 poetarum,
634 523 922 584 interpretis
967 522 1124 584 ipsius
1172 537 1329 586 genus
1376 522 1571 571 dicendi
1613 548 1675 554 -—
1725 522 1849 570 haec

160 598 320 661 igitur
350 598 456 646 sola
487 596 680 645 efficere
712 611 854 657 posse
886 596 1009 643 mihi
1037 596 1288 657 uidentur,
1320 599 1390 644 ut
1410 596 1637 659 neglecto
1667 590 1756 645 ΟῙ
1786 596 1849 644 ad

162 666 273 720 ΟΠ
311 673 400 719 aut
442 669 495 719 Z
536 670 894 733 confugiamus.
966 685 1080 718 cum
1118 686 1238 718 uero
1278 670 1351 718 ita
1390 670 1614 729 sentiam,
1655 670 1850 732 aliquot

162 745 401 794 lectiones
437 744 556 792 olim
586 745 810 805 receptas
843 759 872 790 3
902 759 981 791 1110
1012 759 1144 791 1111110
1174 743 1429 806 repudiari
1460 745 1846 792 consentaneum

158 822 252 868 est.
328 819 449 866 item
488 817 691 880 quidam
728 817 840 879 Ioci,
879 817 967 878 qui
1006 817 1303 865 coniecturis
1341 817 1394 865 in
1434 817 1610 879 primis
1650 817 1846 866 Grotia-

161 893 240 940 nis
284 892 383 939 iam
431 890 594 940 sanati
638 891 762 938 mibi
798 890 898 938 uisi
937 893 1098 954 erant,
1138 890 1375 939 memoria
1413 891 1657 939 librorum
1693 908 1848 939 manu

157 965 462 1027 scriptorum
516 964 799 1013 accuratius
852 979 1117 1027 perpensa,
1172 979 1286 1012 cum
1331 980 1490 1027 neque
1535 964 1640 1027 ipse
1688 981 1847 1028 neque

158 1039 249 1087 alii
302 1039 372 1087 eis
426 1038 721 1086 medicinam
777 1038 951 1085 afferre
1010 1037 1366 1102 potuissemus,
1431 1038 1500 1086 sic
1553 1042 1612 1086 ut
1671 1039 1847 1087 traditi

156 1115 280 1161 sunt
317 1114 621 1174 manserunt,
661 1127 804 1159 cruce
843 1111 1084 1175 insigniti.

270 1186 362 1234 His
400 1187 557 1249 igitur
595 1185 821 1234 codicum
858 1185 1113 1248 subsidiis,
1152 1201 1213 1233 ne
1252 1188 1399 1234 notae
1446 1186 1647 1234 criticae
1685 1187 1844 1235 farra-

156 1260 275 1322 gine
328 1260 600 1308 lectionum
651 1259 903 1307 futtilium
956 1259 1285 1307 obruerentur
1349 1259 1702 1323 uoluntatique
1772 1277 1845 1309 re-

153 1334 430 1396 demptoris
483 1333 821 1382 honestissimi
873 1333 1233 1396 satisfacerem,
1294 1333 1368 1381 ita
1421 1349 1543 1382 usus
1598 1350 1731 1398 sum,
1786 1337 1847 1383 ut

156 1408 385 1456 codicum
406 1406 695 1455 ABPMB²
725 1407 961 1455 lectiones
994 1407 1318 1470 grauissimas
1350 1408 1589 1471 afferrem,
1621 1410 1844 1470 praeter-

158 1497 311 1544 quam
349 1481 483 1544 quod
520 1481 772 1529 interdum
810 1480 1080 1542 scripturas
1118 1481 1331 1529 leuiores
1370 1484 1518 1529 antea
1555 1482 1681 1530 falso
1724 1482 1845 1530 alla-

157 1557 239 1602 tas
299 1555 510 1615 correxi,
564 1571 590 1602 e
642 1555 851 1617 reliquis
911 1557 1080 1602 autem
1132 1554 1274 1603 libris
1328 1555 1535 1603 selectas
1601 1555 1845 1618 quasdam

155 1644 475 1690 apponerem.
548 1629 670 1677 item
708 1629 760 1676 in
806 1628 1150 1691 discrepantiis
1189 1629 1483 1692 leuioribus,
1530 1630 1743 1677 maxime
1791 1630 1845 1677 in

160 1703 444 1751 nominibus
503 1702 739 1765 propriis,
814 1702 946 1749 unde
1007 1718 1129 1750 uera
1189 1702 1439 1764 scriptura
1513 1704 1843 1767 prouenisset,

158 1776 401 1839 neglectis
447 1776 756 1839 reliquorum
803 1775 1045 1824 librorum
1091 1776 1352 1838 scripturis
1399 1776 1643 1825 indicasse
1692 1778 1839 1825 satis-

159 1849 326 1898 habui.
1703 1912 1708 1917 ι

267 1923 375 1970 Ι3111
397 1923 589 1986 pridem
619 1925 886 1986 postquam
918 1919 1066 1972 eanno
1099 1923 1286 1972 domini
1314 1923 1838 1973 M·COOC·LXXIII[·
1872 1934 1895 1963 6

154 1996 236 2045 die
268 1998 514 2060 uigesima
536 1992 726 2045 Martii'
752 1996 1032 2045 Germanici
1055 1997 1243 2046 Aratea
1272 1998 1487 2060 primum
1511 1999 1840 2063 Bononiae,

153 2073 266 2119 tum
305 2066 468 2119 ‘Anno
507 2071 694 2119 salutis.
718 2066 1202 2120 M.cccolxxxvm.
1253 2074 1430 2121 octauo
1470 2065 1714 2139 callendas
1755 2089 1841 2122 no-

156 2140 419 2193 uembres.'
469 2145 726 2193 Venetiis
765 2161 795 2192 a
835 2145 1082 2205 Georyio
1113 2147 1287 2194 Valla
1324 2146 1627 2210 Placentino,
1667 2149 1841 2208 postea

157 2218 219 2266 ab
252 2218 381 2267 AIdo
413 2219 637 2266 Venetiis
676 2234 718 2268 a.
755 2221 895 2268 1499
937 2219 1072 2267 edita
1103 2222 1258 2283 erant,
1296 2223 1354 2268 ut
1390 2220 1497 2268 fieri
1537 2221 1687 2284 solet,
1728 2216 1871 2268 cum'

158 2291 344 2354 scripta
383 2294 610 2341 ueterum
657 2293 760 2341 sine
800 2293 1087 2342 adiumento
1128 2294 1170 2342 si
1207 2294 1372 2342 minus
1418 2294 1574 2342 ullius
1613 2297 1667 2342 at
1706 2297 1840 2343 certe

156 2364 275 2413 boni
307 2366 487 2415 codicis
518 2367 571 2414 in
601 2367 763 2414 lucem
791 2367 1055 2431 prodeunt,
1086 2368 1300 2431 uulgata
1338 2370 1448 2416 orta
1478 2369 1718 2417 memoria
1750 2371 1837 2417 est.
1863 2375 1891 2406 ’ὓ

158 2455 285 2501 quae
340 2440 640 2488 editionibus
700 2442 907 2490 Iacobi
959 2442 1197 2502 Micylli
1251 2437 1501 2506 (Basileae
1557 2458 1597 2493 a.
1658 2437 1839 2508 1535),

157 2513 447 2562 Ioachimi
490 2515 754 2563 Perionii
810 2511 1035 2578 (Parisiis
1074 2531 1116 2562 a.
1159 2508 1351 2582 1540),
1399 2515 1681 2565 Guilelmi
1710 2517 1838 2564 Mo-

156 2588 295 2635 relii
340 2580 566 2652 (Parisiis
606 2603 648 2635 a.
698 2582 862 2655 1559)
912 2589 1125 2637 aliorum
1170 2592 1449 2653 propagata
1494 2592 1582 2638 est.
1660 2590 1838 2637 melius

157 2662 327 2708 autem
364 2661 661 2710 recensionis
699 2662 1080 2711 fundamentum
1118 2679 1268 2726 quam
1306 2664 1365 2726 ei,
1406 2664 1492 2727 qui
1530 2666 1678 2712 antea
1718 2663 1836 2711 Ger-

157 2734 408 2782 manicum
440 2734 712 2799 ediderant,
751 2751 851 2784 uno
890 2752 1050 2799 neque
1082 2737 1253 2785 eodem
1290 2738 1480 2799 optimo
1514 2737 1681 2785 codice
1715 2752 1837 2785 usus

156 2808 273 2856 iecit
317 2809 664 2869 Huyeianus
712 2808 975 2866 Grotius,
1024 2811 1165 2859 cuius
1213 2810 1489 2875 Syntagma
1536 2811 1837 2858 Arateorum
1867 2835 1895 2875 y

154 2897 201 2931 a.
244 2884 385 2931 1600
423 2883 555 2931 foras
594 2882 768 2931 datum
807 2885 882 2932 est
920 2876 1003 2950 (cf.
1044 2884 1118 2934 ed.
1150 2885 1313 2934 Berol.
1352 2901 1397 2947 p.
1437 2878 1611 2951 XXX).
1676 2899 1735 2932 ex
1765 2884 1836 2933 eis

247 2970 464 3005 Germanici
487 2971 628 3006 Aratea
653 2973 709 3006 ed.
732 2973 922 3007 Bnnrsm.
1451 2965 1483 3009 b
