<?xml version="1.0" encoding="UTF-8"?>
<!DOCTYPE html PUBLIC "-//W3C//DTD XHTML 1.0 Transitional//EN"
    "http://www.w3.org/TR/xhtml1/DTD/xhtml1-transitional.dtd">
<html xmlns="http://www.w3.org/1999/xhtml" xml:lang="en" lang="en">
 <head>
  <title>
</title>
<meta http-equiv="Content-Type" content="text/html;charset=utf-8" />
  <meta name='ocr-system' content='tesseract 3.04.00' />
  <meta name='ocr-capabilities' content='ocr_page ocr_carea ocr_par ocr_line ocrx_word'/>
</head>
<body>
  <div class='ocr_page' id='page_1' title='image "./arateasolen00germuoft_0020.png"; bbox 0 0 2106 3140; ppageno 0'>
   <div class='ocr_carea' id='block_1_1' title="bbox 281 151 1284 199">
    <p class='ocr_par' dir='ltr' id='par_1_1' title="bbox 281 151 1284 199">
     <span class='ocr_line' id='line_1_1' title="bbox 281 151 1284 199; baseline -0.003 0"><span class='ocrx_word' id='word_1_1' title='bbox 281 154 386 199; x_wconf 89' lang='lat' dir='ltr'>XVI</span> <span class='ocrx_word' id='word_1_2' title='bbox 948 151 1284 196; x_wconf 82' lang='lat' dir='ltr'><strong><em>PRAEFATIO</em></strong></span> 
     </span>
    </p>
   </div>
   <div class='ocr_carea' id='block_1_2' title="bbox 275 276 1957 2989">
    <p class='ocr_par' dir='ltr' id='par_1_2' title="bbox 278 276 1947 417">
     <span class='ocr_line' id='line_1_2' title="bbox 278 276 1947 339; baseline -0.001 -12"><span class='ocrx_word' id='word_1_3' title='bbox 278 278 574 327; x_wconf 86' lang='lat' dir='ltr'>manuscrits</span> <span class='ocrx_word' id='word_1_4' title='bbox 623 277 708 326; x_wconf 90' lang='lat' dir='ltr'>des</span> <span class='ocrx_word' id='word_1_5' title='bbox 754 277 1117 339; x_wconf 80' lang='lat' dir='ltr'>bibliotheques</span> <span class='ocrx_word' id='word_1_6' title='bbox 1148 276 1411 339; x_wconf 90' lang='lat' dir='ltr'>publiques</span> <span class='ocrx_word' id='word_1_7' title='bbox 1444 277 1527 325; x_wconf 87' lang='lat' dir='ltr'>des</span> <span class='ocrx_word' id='word_1_8' title='bbox 1568 276 1947 339; x_wconf 74' lang='lat' dir='ltr'>departements</span> 
     </span>
     <span class='ocr_line' id='line_1_3' title="bbox 278 343 1161 417; baseline -0.002 -18"><span class='ocrx_word' id='word_1_9' title='bbox 278 353 413 401; x_wconf 86' lang='lat' dir='ltr'>Tom.</span> <span class='ocrx_word' id='word_1_10' title='bbox 432 352 457 399; x_wconf 94' lang='lat' dir='ltr'>I</span> <span class='ocrx_word' id='word_1_11' title='bbox 479 368 525 414; x_wconf 89' lang='lat' dir='ltr'>p.</span> <span class='ocrx_word' id='word_1_12' title='bbox 551 353 653 400; x_wconf 83' lang='lat'>462</span> <span class='ocrx_word' id='word_1_13' title='bbox 681 366 750 412; x_wconf 89' lang='lat' dir='ltr'>sq.</span> <span class='ocrx_word' id='word_1_14' title='bbox 783 344 947 417; x_wconf 83' lang='lat' dir='ltr'>(Paris</span> <span class='ocrx_word' id='word_1_15' title='bbox 982 343 1161 415; x_wconf 87' lang='lat'>1849).</span> 
     </span>
    </p>

    <p class='ocr_par' dir='ltr' id='par_1_3' title="bbox 275 423 1954 1588">
     <span class='ocr_line' id='line_1_4' title="bbox 386 423 1944 486; baseline -0.001 -13"><span class='ocrx_word' id='word_1_16' title='bbox 386 425 501 474; x_wconf 86' lang='lat' dir='ltr'>Utri</span> <span class='ocrx_word' id='word_1_17' title='bbox 553 428 723 472; x_wconf 88' lang='lat' dir='ltr'>autem</span> <span class='ocrx_word' id='word_1_18' title='bbox 775 423 935 472; x_wconf 87' lang='lat' dir='ltr'>ordini</span> <span class='ocrx_word' id='word_1_19' title='bbox 986 423 1102 470; x_wconf 89' lang='lat' dir='ltr'>libri</span> <span class='ocrx_word' id='word_1_20' title='bbox 1148 423 1214 483; x_wconf 88' lang='lat' dir='ltr'>ei,</span> <span class='ocrx_word' id='word_1_21' title='bbox 1266 437 1388 484; x_wconf 82' lang='lat' dir='ltr'>quos</span> <span class='ocrx_word' id='word_1_22' title='bbox 1438 439 1569 472; x_wconf 91' lang='lat' dir='ltr'>nunc</span> <span class='ocrx_word' id='word_1_23' title='bbox 1606 424 1822 486; x_wconf 88' lang='lat' dir='ltr'>primum</span> <span class='ocrx_word' id='word_1_24' title='bbox 1860 424 1944 472; x_wconf 88' lang='lat' dir='ltr'>ad·</span> 
     </span>
     <span class='ocr_line' id='line_1_5' title="bbox 278 495 1946 561; baseline -0.001 -14"><span class='ocrx_word' id='word_1_25' title='bbox 278 498 547 561; x_wconf 82' lang='lat' dir='ltr'>hibueram,</span> <span class='ocrx_word' id='word_1_26' title='bbox 587 496 901 545; x_wconf 85' lang='lat' dir='ltr'>adtribuendi</span> <span class='ocrx_word' id='word_1_27' title='bbox 946 511 1051 544; x_wconf 90' lang='lat' dir='ltr'>esse</span> <span class='ocrx_word' id='word_1_28' title='bbox 1091 495 1213 543; x_wconf 88' lang='lat' dir='ltr'>mihi</span> <span class='ocrx_word' id='word_1_29' title='bbox 1250 496 1560 560; x_wconf 83' lang='lat' dir='ltr'>uiderentur,</span> <span class='ocrx_word' id='word_1_30' title='bbox 1598 497 1699 545; x_wconf 89' lang='lat' dir='ltr'>iam</span> <span class='ocrx_word' id='word_1_31' title='bbox 1736 498 1787 545; x_wconf 91' lang='lat' dir='ltr'>in</span> <span class='ocrx_word' id='word_1_32' title='bbox 1825 513 1946 546; x_wconf 93' lang='lat' dir='ltr'>uno·</span> 
     </span>
     <span class='ocr_line' id='line_1_6' title="bbox 277 568 1952 635; baseline 0 -16"><span class='ocrx_word' id='word_1_33' title='bbox 277 588 472 635; x_wconf 85' lang='lat' dir='ltr'>quoque</span> <span class='ocrx_word' id='word_1_34' title='bbox 527 570 842 619; x_wconf 87' lang='lat' dir='ltr'>describendo</span> <span class='ocrx_word' id='word_1_35' title='bbox 905 585 1056 630; x_wconf 86' lang='lat' dir='ltr'>supra</span> <span class='ocrx_word' id='word_1_36' title='bbox 1109 568 1223 618; x_wconf 84' lang='lat' dir='ltr'><strong>dixi.</strong></span> <span class='ocrx_word' id='word_1_37' title='bbox 1307 571 1464 618; x_wconf 88' lang='lat' dir='ltr'>restat</span> <span class='ocrx_word' id='word_1_38' title='bbox 1521 573 1580 619; x_wconf 93' lang='lat' dir='ltr'>ut</span> <span class='ocrx_word' id='word_1_39' title='bbox 1637 571 1695 618; x_wconf 89' lang='lat' dir='ltr'>de</span> <span class='ocrx_word' id='word_1_40' title='bbox 1741 587 1840 619; x_wconf 90' lang='lat' dir='ltr'>uno</span> <span class='ocrx_word' id='word_1_41' title='bbox 1892 587 1952 619; x_wconf 81' lang='lat' dir='ltr'>ex</span> 
     </span>
     <span class='ocr_line' id='line_1_7' title="bbox 276 637 1951 711; baseline 0 -18"><span class='ocrx_word' id='word_1_42' title='bbox 276 646 479 707; x_wconf 89' lang='lat' dir='ltr'>reliquis</span> <span class='ocrx_word' id='word_1_43' title='bbox 517 659 675 706; x_wconf 89' lang='lat' dir='ltr'>pauca</span> <span class='ocrx_word' id='word_1_44' title='bbox 713 643 887 692; x_wconf 86' lang='lat' dir='ltr'>dicam.</span> <span class='ocrx_word' id='word_1_45' title='bbox 947 642 1201 690; x_wconf 84' lang='lat' dir='ltr'>Parisinus</span> <span class='ocrx_word' id='word_1_46' title='bbox 1233 642 1365 690; x_wconf 88' lang='lat' dir='ltr'>enim</span> <span class='ocrx_word' id='word_1_47' title='bbox 1402 643 1553 692; x_wconf 83' lang='lat' dir='ltr'>codex</span> <span class='ocrx_word' id='word_1_48' title='bbox 1583 637 1672 711; x_wconf 89' lang='lat' dir='ltr'>(P)</span> <span class='ocrx_word' id='word_1_49' title='bbox 1712 644 1951 706; x_wconf 88' lang='lat' dir='ltr'>quasdam</span> 
     </span>
     <span class='ocr_line' id='line_1_8' title="bbox 275 709 1947 784; baseline 0 -18"><span class='ocrx_word' id='word_1_50' title='bbox 275 719 482 780; x_wconf 89' lang='lat' dir='ltr'>praebet</span> <span class='ocrx_word' id='word_1_51' title='bbox 521 717 805 780; x_wconf 87' lang='lat' dir='ltr'>scripturas,</span> <span class='ocrx_word' id='word_1_52' title='bbox 844 732 970 780; x_wconf 89' lang='lat' dir='ltr'>quae</span> <span class='ocrx_word' id='word_1_53' title='bbox 1003 731 1115 764; x_wconf 91' lang='lat' dir='ltr'>cum</span> <span class='ocrx_word' id='word_1_54' title='bbox 1145 716 1419 765; x_wconf 87' lang='lat' dir='ltr'>Basileensi</span> <span class='ocrx_word' id='word_1_55' title='bbox 1451 709 1547 784; x_wconf 86' lang='lat' dir='ltr'>(A)</span> <span class='ocrx_word' id='word_1_56' title='bbox 1578 718 1761 765; x_wconf 90' lang='lat' dir='ltr'>mirum</span> <span class='ocrx_word' id='word_1_57' title='bbox 1791 733 1947 780; x_wconf 91' lang='lat' dir='ltr'>quan-</span> 
     </span>
     <span class='ocr_line' id='line_1_9' title="bbox 275 789 1946 852; baseline 0.001 -13"><span class='ocrx_word' id='word_1_58' title='bbox 275 798 385 840; x_wconf 87' lang='lat' dir='ltr'>tum</span> <span class='ocrx_word' id='word_1_59' title='bbox 423 791 716 852; x_wconf 87' lang='lat' dir='ltr'>discrepant.</span> <span class='ocrx_word' id='word_1_60' title='bbox 778 806 894 838; x_wconf 88' lang='lat' dir='ltr'>nam</span> <span class='ocrx_word' id='word_1_61' title='bbox 930 791 978 838; x_wconf 91' lang='lat' dir='ltr'><strong><em>P</em></strong></span> <span class='ocrx_word' id='word_1_62' title='bbox 1008 789 1159 838; x_wconf 88' lang='lat' dir='ltr'>habet</span> <span class='ocrx_word' id='word_1_63' title='bbox 1196 806 1243 838; x_wconf 93' lang='grc'>11.</span> <span class='ocrx_word' id='word_1_64' title='bbox 1279 792 1343 839; x_wconf 89' lang='lat'>51</span> <span class='ocrx_word' id='word_1_65' title='bbox 1387 791 1533 839; x_wconf 76' lang='lat' dir='ltr'>tendit</span> <span class='ocrx_word' id='word_1_66' title='bbox 1559 805 1683 851; x_wconf 76' lang='lat' dir='ltr'>pene</span> <span class='ocrx_word' id='word_1_67' title='bbox 1721 795 1772 839; x_wconf 78' lang='lat' dir='ltr'>at</span> <span class='ocrx_word' id='word_1_68' title='bbox 1809 806 1946 852; x_wconf 72' lang='lat' dir='ltr'>cyno·</span> 
     </span>
     <span class='ocr_line' id='line_1_10' title="bbox 276 863 1950 926; baseline -0.001 -13"><span class='ocrx_word' id='word_1_69' title='bbox 276 880 450 920; x_wconf 75' lang='lat' dir='ltr'>sumn,</span> <span class='ocrx_word' id='word_1_70' title='bbox 497 863 546 912; x_wconf 91' lang='lat' dir='ltr'><strong><em>A</em></strong></span> <span class='ocrx_word' id='word_1_71' title='bbox 592 865 930 925; x_wconf 73' lang='lat' dir='ltr'>tenditatcynos</span> <span class='ocrx_word' id='word_1_72' title='bbox 973 879 1124 926; x_wconf 66' lang='lat' dir='ltr'>uram</span> <span class='ocrx_word' id='word_1_73' title='bbox 1171 879 1220 912; x_wconf 93' lang='lat' dir='ltr'>u.</span> <span class='ocrx_word' id='word_1_74' title='bbox 1262 865 1327 912; x_wconf 87' lang='lat'>99</span> <span class='ocrx_word' id='word_1_75' title='bbox 1368 863 1416 910; x_wconf 90' lang='lat' dir='ltr'><strong><em>P</em></strong></span> <span class='ocrx_word' id='word_1_76' title='bbox 1447 865 1627 920; x_wconf 83' lang='lat' dir='ltr'>orbem,</span> <span class='ocrx_word' id='word_1_77' title='bbox 1665 863 1715 912; x_wconf 89' lang='lat' dir='ltr'><strong><em>A</em></strong></span> <span class='ocrx_word' id='word_1_78' title='bbox 1755 880 1950 923; x_wconf 78' lang='lat' dir='ltr'>aurem,-</span> 
     </span>
     <span class='ocr_line' id='line_1_11' title="bbox 275 935 1952 998; baseline 0 -12"><span class='ocrx_word' id='word_1_79' title='bbox 275 955 325 988; x_wconf 90' lang='lat' dir='ltr'>u.</span> <span class='ocrx_word' id='word_1_80' title='bbox 361 939 461 986; x_wconf 84' lang='lat'>125</span> <span class='ocrx_word' id='word_1_81' title='bbox 503 938 549 985; x_wconf 90' lang='grc' dir='ltr'><em>Ρ</em></span> <span class='ocrx_word' id='word_1_82' title='bbox 590 938 760 998; x_wconf 65' lang='grc' dir='ltr'><strong>εῶαερ.</strong></span> <span class='ocrx_word' id='word_1_83' title='bbox 805 940 1011 992; x_wconf 75' lang='lat' dir='ltr'>notauit,</span> <span class='ocrx_word' id='word_1_84' title='bbox 1057 935 1107 985; x_wconf 89' lang='lat' dir='ltr'><strong><em>A</em></strong></span> <span class='ocrx_word' id='word_1_85' title='bbox 1144 939 1416 997; x_wconf 74' lang='lat' dir='ltr'>notauitque</span> <span class='ocrx_word' id='word_1_86' title='bbox 1461 941 1641 996; x_wconf 79' lang='lat' dir='ltr'>coetus;</span> <span class='ocrx_word' id='word_1_87' title='bbox 1685 954 1733 987; x_wconf 90' lang='grc'>11.</span> <span class='ocrx_word' id='word_1_88' title='bbox 1769 940 1871 986; x_wconf 84' lang='grc'>142</span> <span class='ocrx_word' id='word_1_89' title='bbox 1905 939 1952 986; x_wconf 90' lang='lat' dir='ltr'><strong><em>P</em></strong></span> 
     </span>
     <span class='ocr_line' id='line_1_12' title="bbox 277 1009 1952 1073; baseline 0 -13"><span class='ocrx_word' id='word_1_90' title='bbox 277 1013 435 1060; x_wconf 80' lang='lat' dir='ltr'>cauda</span> <span class='ocrx_word' id='word_1_91' title='bbox 473 1014 637 1067; x_wconf 75' lang='lat' dir='ltr'>micat,</span> <span class='ocrx_word' id='word_1_92' title='bbox 678 1009 727 1058; x_wconf 91' lang='lat' dir='ltr'><strong><em>A</em></strong></span> <span class='ocrx_word' id='word_1_93' title='bbox 763 1013 908 1060; x_wconf 77' lang='lat' dir='ltr'>micat</span> <span class='ocrx_word' id='word_1_94' title='bbox 945 1013 1129 1069; x_wconf 81' lang='lat' dir='ltr'>cauda,·</span> <span class='ocrx_word' id='word_1_95' title='bbox 1168 1027 1215 1060; x_wconf 90' lang='lat' dir='ltr'>u.</span> <span class='ocrx_word' id='word_1_96' title='bbox 1251 1012 1353 1060; x_wconf 87' lang='lat'>156</span> <span class='ocrx_word' id='word_1_97' title='bbox 1387 1011 1432 1058; x_wconf 92' lang='lat' dir='ltr'><strong><em>P</em></strong></span> <span class='ocrx_word' id='word_1_98' title='bbox 1457 1013 1740 1071; x_wconf 72' lang='lat' dir='ltr'>furentibus,</span> <span class='ocrx_word' id='word_1_99' title='bbox 1772 1010 1821 1059; x_wconf 92' lang='lat' dir='ltr'><strong><em>A</em></strong></span> <span class='ocrx_word' id='word_1_100' title='bbox 1851 1014 1952 1073; x_wconf 73' lang='lat' dir='ltr'>spi-</span> 
     </span>
     <span class='ocr_line' id='line_1_13' title="bbox 275 1081 1950 1143; baseline -0.001 -9"><span class='ocrx_word' id='word_1_101' title='bbox 275 1081 521 1143; x_wconf 77' lang='lat' dir='ltr'>rantibus;</span> <span class='ocrx_word' id='word_1_102' title='bbox 559 1101 608 1135; x_wconf 92' lang='grc'>11.</span> <span class='ocrx_word' id='word_1_103' title='bbox 637 1087 738 1133; x_wconf 86' lang='grc'>176</span> <span class='ocrx_word' id='word_1_104' title='bbox 772 1085 819 1133; x_wconf 91' lang='grc' dir='ltr'><strong><em>Ρ</em></strong></span> <span class='ocrx_word' id='word_1_105' title='bbox 852 1085 1048 1140; x_wconf 54' lang='lat' dir='ltr'>docere&amp;</span> <span class='ocrx_word' id='word_1_106' title='bbox 1079 1083 1129 1132; x_wconf 92' lang='lat' dir='ltr'><strong><em>A</em></strong></span> <span class='ocrx_word' id='word_1_107' title='bbox 1160 1086 1378 1142; x_wconf 76' lang='lat' dir='ltr'>docebat,·</span> <span class='ocrx_word' id='word_1_108' title='bbox 1415 1101 1463 1133; x_wconf 95' lang='grc'>11.</span> <span class='ocrx_word' id='word_1_109' title='bbox 1497 1087 1602 1133; x_wconf 84' lang='grc'>472</span> <span class='ocrx_word' id='word_1_110' title='bbox 1636 1085 1768 1133; x_wconf 81' lang='lat' dir='ltr'>Psic</span> <span class='ocrx_word' id='word_1_111' title='bbox 1798 1088 1950 1134; x_wconf 76' lang='lat' dir='ltr'>currit</span> 
     </span>
     <span class='ocr_line' id='line_1_14' title="bbox 276 1158 1950 1222; baseline 0 -15"><span class='ocrx_word' id='word_1_112' title='bbox 276 1161 445 1222; x_wconf 75' lang='lat' dir='ltr'>latera,</span> <span class='ocrx_word' id='word_1_113' title='bbox 483 1158 532 1206; x_wconf 91' lang='lat' dir='ltr'><strong><em>A</em></strong></span> <span class='ocrx_word' id='word_1_114' title='bbox 562 1161 632 1207; x_wconf 77' lang='lat' dir='ltr'>sic</span> <span class='ocrx_word' id='word_1_115' title='bbox 662 1160 835 1207; x_wconf 71' lang='lat' dir='ltr'>diuidit</span> <span class='ocrx_word' id='word_1_116' title='bbox 865 1160 1017 1207; x_wconf 82' lang='lat' dir='ltr'>latera</span> <span class='ocrx_word' id='word_1_117' title='bbox 1047 1159 1148 1206; x_wconf 89' lang='lat' dir='ltr'>alia</span> <span class='ocrx_word' id='word_1_118' title='bbox 1177 1158 1371 1206; x_wconf 90' lang='lat' dir='ltr'>similia.</span> <span class='ocrx_word' id='word_1_119' title='bbox 1433 1158 1583 1207; x_wconf 87' lang='lat' dir='ltr'>huius</span> <span class='ocrx_word' id='word_1_120' title='bbox 1615 1158 1748 1207; x_wconf 89' lang='lat' dir='ltr'>modi</span> <span class='ocrx_word' id='word_1_121' title='bbox 1780 1161 1950 1207; x_wconf 87' lang='lat' dir='ltr'>autem</span> 
     </span>
     <span class='ocr_line' id='line_1_15' title="bbox 276 1232 1948 1296; baseline 0.001 -17"><span class='ocrx_word' id='word_1_122' title='bbox 276 1232 511 1281; x_wconf 90' lang='lat' dir='ltr'>lectiones</span> <span class='ocrx_word' id='word_1_123' title='bbox 558 1232 621 1280; x_wconf 89' lang='lat' dir='ltr'>ad</span> <span class='ocrx_word' id='word_1_124' title='bbox 667 1232 918 1293; x_wconf 86' lang='lat' dir='ltr'>exemplar</span> <span class='ocrx_word' id='word_1_125' title='bbox 970 1232 1223 1294; x_wconf 87' lang='lat' dir='ltr'>scriptoris</span> <span class='ocrx_word' id='word_1_126' title='bbox 1274 1232 1439 1294; x_wconf 91' lang='lat' dir='ltr'>potius</span> <span class='ocrx_word' id='word_1_127' title='bbox 1485 1248 1636 1295; x_wconf 90' lang='lat' dir='ltr'>quam</span> <span class='ocrx_word' id='word_1_128' title='bbox 1681 1232 1744 1280; x_wconf 89' lang='lat' dir='ltr'>ad</span> <span class='ocrx_word' id='word_1_129' title='bbox 1782 1233 1948 1296; x_wconf 87' lang='lat' dir='ltr'>negle-</span> 
     </span>
     <span class='ocr_line' id='line_1_16' title="bbox 276 1305 1951 1369; baseline 0.001 -15"><span class='ocrx_word' id='word_1_130' title='bbox 276 1306 498 1369; x_wconf 82' lang='lat' dir='ltr'>gentiam</span> <span class='ocrx_word' id='word_1_131' title='bbox 537 1305 642 1354; x_wconf 88' lang='lat' dir='ltr'>eius</span> <span class='ocrx_word' id='word_1_132' title='bbox 683 1308 734 1353; x_wconf 89' lang='lat' dir='ltr'>et</span> <span class='ocrx_word' id='word_1_133' title='bbox 772 1305 1065 1353; x_wconf 89' lang='lat' dir='ltr'>emendandi</span> <span class='ocrx_word' id='word_1_134' title='bbox 1095 1305 1419 1367; x_wconf 78' lang='lat' dir='ltr'><strong>cupiditatem</strong></span> <span class='ocrx_word' id='word_1_135' title='bbox 1450 1306 1699 1369; x_wconf 89' lang='lat' dir='ltr'>quandam</span> <span class='ocrx_word' id='word_1_136' title='bbox 1736 1307 1951 1355; x_wconf 89' lang='lat' dir='ltr'>referen-</span> 
     </span>
     <span class='ocr_line' id='line_1_17' title="bbox 277 1374 1954 1441; baseline 0.001 -14"><span class='ocrx_word' id='word_1_137' title='bbox 277 1380 368 1428; x_wconf 86' lang='lat' dir='ltr'>dae</span> <span class='ocrx_word' id='word_1_138' title='bbox 406 1379 529 1426; x_wconf 89' lang='lat' dir='ltr'>mihi</span> <span class='ocrx_word' id='word_1_139' title='bbox 567 1379 817 1427; x_wconf 87' lang='lat' dir='ltr'>uidentur.</span> <span class='ocrx_word' id='word_1_140' title='bbox 878 1379 1048 1441; x_wconf 87' lang='lat' dir='ltr'>itaque</span> <span class='ocrx_word' id='word_1_141' title='bbox 1087 1379 1259 1427; x_wconf 86' lang='lat' dir='ltr'>dubito</span> <span class='ocrx_word' id='word_1_142' title='bbox 1299 1395 1363 1427; x_wconf 91' lang='lat' dir='ltr'>an</span> <span class='ocrx_word' id='word_1_143' title='bbox 1402 1380 1447 1426; x_wconf 94' lang='lat' dir='ltr'><strong><em>P</em></strong></span> <span class='ocrx_word' id='word_1_144' title='bbox 1480 1395 1539 1427; x_wconf 86' lang='lat' dir='ltr'>ex</span> <span class='ocrx_word' id='word_1_145' title='bbox 1583 1374 1665 1429; x_wconf 91' lang='lat' dir='ltr'>OI</span> <span class='ocrx_word' id='word_1_146' title='bbox 1702 1380 1809 1441; x_wconf 88' lang='lat' dir='ltr'>ipso</span> <span class='ocrx_word' id='word_1_147' title='bbox 1853 1396 1954 1428; x_wconf 93' lang='lat' dir='ltr'>non</span> 
     </span>
     <span class='ocr_line' id='line_1_18' title="bbox 276 1446 1952 1516; baseline 0.001 -16"><span class='ocrx_word' id='word_1_148' title='bbox 276 1453 578 1514; x_wconf 86' lang='lat' dir='ltr'>manauerit,</span> <span class='ocrx_word' id='word_1_149' title='bbox 625 1455 685 1501; x_wconf 88' lang='lat' dir='ltr'>ut</span> <span class='ocrx_word' id='word_1_150' title='bbox 729 1453 861 1501; x_wconf 90' lang='lat' dir='ltr'>inter</span> <span class='ocrx_word' id='word_1_151' title='bbox 897 1453 1042 1500; x_wconf 91' lang='lat' dir='ltr'>illum</span> <span class='ocrx_word' id='word_1_152' title='bbox 1081 1455 1131 1501; x_wconf 92' lang='lat' dir='ltr'>et</span> <span class='ocrx_word' id='word_1_153' title='bbox 1173 1446 1247 1501; x_wconf 81' lang='grc' dir='ltr'>ΟῙ</span> <span class='ocrx_word' id='word_1_154' title='bbox 1285 1453 1535 1514; x_wconf 87' lang='lat' dir='ltr'>exemplar</span> <span class='ocrx_word' id='word_1_155' title='bbox 1580 1453 1805 1516; x_wconf 83' lang='lat' dir='ltr'>aliquod,</span> <span class='ocrx_word' id='word_1_156' title='bbox 1855 1469 1952 1516; x_wconf 93' lang='lat' dir='ltr'>quo</span> 
     </span>
     <span class='ocr_line' id='line_1_19' title="bbox 277 1525 1678 1588; baseline 0 -14"><span class='ocrx_word' id='word_1_157' title='bbox 277 1527 513 1575; x_wconf 90' lang='lat' dir='ltr'>librarius</span> <span class='ocrx_word' id='word_1_158' title='bbox 553 1527 599 1574; x_wconf 94' lang='lat' dir='ltr'><strong><em>P</em></strong></span> <span class='ocrx_word' id='word_1_159' title='bbox 631 1529 872 1587; x_wconf 85' lang='lat' dir='ltr'>uteretur,</span> <span class='ocrx_word' id='word_1_160' title='bbox 912 1525 1243 1574; x_wconf 80' lang='lat' dir='ltr'>intercessisse</span> <span class='ocrx_word' id='word_1_161' title='bbox 1282 1526 1561 1588; x_wconf 90' lang='lat' dir='ltr'>putandum</span> <span class='ocrx_word' id='word_1_162' title='bbox 1599 1527 1678 1575; x_wconf 87' lang='lat' dir='ltr'>sit.</span> 
     </span>
    </p>

    <p class='ocr_par' dir='ltr' id='par_1_4' title="bbox 275 1599 1957 2989">
     <span class='ocr_line' id='line_1_20' title="bbox 389 1599 1951 1664; baseline 0 -16"><span class='ocrx_word' id='word_1_163' title='bbox 389 1600 524 1657; x_wconf 81' lang='lat' dir='ltr'>Quae</span> <span class='ocrx_word' id='word_1_164' title='bbox 551 1615 664 1648; x_wconf 91' lang='lat' dir='ltr'>cum</span> <span class='ocrx_word' id='word_1_165' title='bbox 686 1601 760 1648; x_wconf 87' lang='lat' dir='ltr'>ita</span> <span class='ocrx_word' id='word_1_166' title='bbox 790 1600 904 1662; x_wconf 88' lang='lat' dir='ltr'>sint,</span> <span class='ocrx_word' id='word_1_167' title='bbox 937 1600 1126 1648; x_wconf 88' lang='lat' dir='ltr'>codices</span> <span class='ocrx_word' id='word_1_168' title='bbox 1161 1615 1328 1648; x_wconf 92' lang='lat' dir='ltr'>omnes</span> <span class='ocrx_word' id='word_1_169' title='bbox 1358 1600 1431 1648; x_wconf 92' lang='lat' dir='ltr'>ita</span> <span class='ocrx_word' id='word_1_170' title='bbox 1461 1599 1652 1662; x_wconf 89' lang='lat' dir='ltr'>partior</span> <span class='ocrx_word' id='word_1_171' title='bbox 1683 1602 1734 1648; x_wconf 90' lang='lat' dir='ltr'>et</span> <span class='ocrx_word' id='word_1_172' title='bbox 1764 1600 1951 1664; x_wconf 68' lang='lat' dir='ltr'>(fluido,</span> 
     </span>
     <span class='ocr_line' id='line_1_21' title="bbox 276 1666 1952 1740; baseline -0.001 -18"><span class='ocrx_word' id='word_1_173' title='bbox 276 1676 335 1722; x_wconf 86' lang='lat' dir='ltr'>ut</span> <span class='ocrx_word' id='word_1_174' title='bbox 373 1674 590 1722; x_wconf 88' lang='lat' dir='ltr'>familiae</span> <span class='ocrx_word' id='word_1_175' title='bbox 627 1670 680 1723; x_wconf 90' lang='grc' dir='ltr'>Ο</span> <span class='ocrx_word' id='word_1_176' title='bbox 709 1673 862 1722; x_wconf 87' lang='lat' dir='ltr'>libros</span> <span class='ocrx_word' id='word_1_177' title='bbox 899 1672 1048 1721; x_wconf 89' lang='lat' dir='ltr'>ABP</span> <span class='ocrx_word' id='word_1_178' title='bbox 1081 1666 1175 1740; x_wconf 89' lang='lat'>(=</span> <span class='ocrx_word' id='word_1_179' title='bbox 1197 1668 1300 1739; x_wconf 80' lang='grc' dir='ltr'>ΟῙ)</span> <span class='ocrx_word' id='word_1_180' title='bbox 1343 1676 1393 1722; x_wconf 88' lang='lat' dir='ltr'>et</span> <span class='ocrx_word' id='word_1_181' title='bbox 1430 1672 1624 1722; x_wconf 59' lang='lat' dir='ltr'>MAffl</span> <span class='ocrx_word' id='word_1_182' title='bbox 1660 1689 1773 1722; x_wconf 93' lang='lat' dir='ltr'>cum</span> <span class='ocrx_word' id='word_1_183' title='bbox 1809 1674 1952 1722; x_wconf 83' lang='lat' dir='ltr'>Italis</span> 
     </span>
     <span class='ocr_line' id='line_1_22' title="bbox 277 1741 1956 1815; baseline -0.001 -18"><span class='ocrx_word' id='word_1_184' title='bbox 277 1743 372 1812; x_wconf 82' lang='lat'>(=</span> <span class='ocrx_word' id='word_1_185' title='bbox 395 1741 537 1815; x_wconf 80' lang='grc' dir='ltr'>ΟΠ),</span> <span class='ocrx_word' id='word_1_186' title='bbox 569 1747 788 1795; x_wconf 87' lang='lat' dir='ltr'>familiae</span> <span class='ocrx_word' id='word_1_187' title='bbox 821 1749 990 1795; x_wconf 87' lang='lat' dir='ltr'>autem</span> <span class='ocrx_word' id='word_1_188' title='bbox 1018 1746 1070 1796; x_wconf 91' lang='lat' dir='ltr'><em>Z</em></span> <span class='ocrx_word' id='word_1_189' title='bbox 1090 1747 1281 1796; x_wconf 87' lang='lat' dir='ltr'>codices</span> <span class='ocrx_word' id='word_1_190' title='bbox 1305 1747 1359 1795; x_wconf 85' lang='lat' dir='ltr'><em>E</em></span> <span class='ocrx_word' id='word_1_191' title='bbox 1377 1748 1459 1795; x_wconf 78' lang='lat' dir='ltr'>Ba</span> <span class='ocrx_word' id='word_1_192' title='bbox 1480 1741 1563 1795; x_wconf 74' lang='lat' dir='ltr'>Bb</span> <span class='ocrx_word' id='word_1_193' title='bbox 1586 1748 1634 1795; x_wconf 89' lang='lat' dir='ltr'><em>L</em></span> <span class='ocrx_word' id='word_1_194' title='bbox 1672 1747 1956 1796; x_wconf 88' lang='lat' dir='ltr'>adtribuam</span> 
     </span>
     <span class='ocr_line' id='line_1_23' title="bbox 277 1821 1955 1885; baseline 0 -15"><span class='ocrx_word' id='word_1_195' title='bbox 277 1824 329 1870; x_wconf 88' lang='lat' dir='ltr'>et</span> <span class='ocrx_word' id='word_1_196' title='bbox 374 1822 628 1870; x_wconf 85' lang='lat' dir='ltr'>subiciam.</span> <span class='ocrx_word' id='word_1_197' title='bbox 710 1821 954 1869; x_wconf 88' lang='lat' dir='ltr'>Italorum</span> <span class='ocrx_word' id='word_1_198' title='bbox 1006 1823 1175 1869; x_wconf 86' lang='lat' dir='ltr'>autem</span> <span class='ocrx_word' id='word_1_199' title='bbox 1226 1821 1402 1885; x_wconf 87' lang='lat' dir='ltr'>libros,</span> <span class='ocrx_word' id='word_1_200' title='bbox 1455 1822 1636 1884; x_wconf 88' lang='lat' dir='ltr'>quibus</span> <span class='ocrx_word' id='word_1_201' title='bbox 1692 1821 1843 1870; x_wconf 88' lang='lat' dir='ltr'>etiam</span> <span class='ocrx_word' id='word_1_202' title='bbox 1883 1822 1955 1870; x_wconf 81' lang='lat' dir='ltr'>V0</span> 
     </span>
     <span class='ocr_line' id='line_1_24' title="bbox 287 1888 1954 1958; baseline -0.001 -14"><span class='ocrx_word' id='word_1_203' title='bbox 287 1888 363 1944; x_wconf 77' lang='lat' dir='ltr'>V‘l</span> <span class='ocrx_word' id='word_1_204' title='bbox 399 1896 453 1943; x_wconf 88' lang='lat' dir='ltr'><em>F</em></span> <span class='ocrx_word' id='word_1_205' title='bbox 498 1897 703 1957; x_wconf 90' lang='lat' dir='ltr'>propter</span> <span class='ocrx_word' id='word_1_206' title='bbox 769 1910 1078 1943; x_wconf 88' lang='lat' dir='ltr'>communem</span> <span class='ocrx_word' id='word_1_207' title='bbox 1145 1895 1386 1958; x_wconf 85' lang='lat' dir='ltr'>originem</span> <span class='ocrx_word' id='word_1_208' title='bbox 1447 1895 1756 1943; x_wconf 88' lang='lat' dir='ltr'>adscribendi</span> <span class='ocrx_word' id='word_1_209' title='bbox 1816 1897 1954 1958; x_wconf 79' lang='lat' dir='ltr'>sunt,</span> 
     </span>
     <span class='ocr_line' id='line_1_25' title="bbox 276 1965 1957 2032; baseline -0.001 -15"><span class='ocrx_word' id='word_1_210' title='bbox 276 1984 499 2017; x_wconf 88' lang='lat' dir='ltr'>seorsum</span> <span class='ocrx_word' id='word_1_211' title='bbox 537 1984 565 2024; x_wconf 89' lang='grc' dir='ltr'><strong>ς</strong></span> <span class='ocrx_word' id='word_1_212' title='bbox 605 1968 813 2032; x_wconf 86' lang='lat' dir='ltr'>signaui.</span> <span class='ocrx_word' id='word_1_213' title='bbox 899 1970 950 2016; x_wconf 92' lang='lat' dir='ltr'>et</span> <span class='ocrx_word' id='word_1_214' title='bbox 994 1984 1294 2031; x_wconf 85' lang='lat' dir='ltr'>quamquam</span> <span class='ocrx_word' id='word_1_215' title='bbox 1332 1968 1371 2017; x_wconf 78' lang='lat' dir='ltr'><strong><em>S</em></strong></span> <span class='ocrx_word' id='word_1_216' title='bbox 1414 1970 1465 2016; x_wconf 88' lang='lat' dir='ltr'>et</span> <span class='ocrx_word' id='word_1_217' title='bbox 1503 1983 1532 2024; x_wconf 87' lang='grc' dir='ltr'><strong><em>ς</em></strong></span> <span class='ocrx_word' id='word_1_218' title='bbox 1580 1969 1720 2032; x_wconf 89' lang='lat' dir='ltr'>signo</span> <span class='ocrx_word' id='word_1_219' title='bbox 1764 1965 1817 2018; x_wconf 89' lang='grc' dir='ltr'>Ο</span> <span class='ocrx_word' id='word_1_220' title='bbox 1855 1984 1957 2016; x_wconf 89' lang='lat' dir='ltr'>una</span> 
     </span>
     <span class='ocr_line' id='line_1_26' title="bbox 277 2042 1956 2106; baseline -0.001 -15"><span class='ocrx_word' id='word_1_221' title='bbox 277 2042 775 2106; x_wconf 87' lang='lat' dir='ltr'>comprehenduntur,</span> <span class='ocrx_word' id='word_1_222' title='bbox 819 2044 988 2090; x_wconf 89' lang='lat' dir='ltr'>tamen</span> <span class='ocrx_word' id='word_1_223' title='bbox 1033 2057 1326 2091; x_wconf 88' lang='lat' dir='ltr'>consensum</span> <span class='ocrx_word' id='word_1_224' title='bbox 1357 2058 1549 2105; x_wconf 84' lang='lat' dir='ltr'>eorum,</span> <span class='ocrx_word' id='word_1_225' title='bbox 1594 2042 1682 2090; x_wconf 92' lang='lat' dir='ltr'>ubi</span> <span class='ocrx_word' id='word_1_226' title='bbox 1717 2057 1956 2091; x_wconf 89' lang='lat' dir='ltr'>memora-</span> 
     </span>
     <span class='ocr_line' id='line_1_27' title="bbox 275 2112 1953 2179; baseline -0.001 -15"><span class='ocrx_word' id='word_1_227' title='bbox 275 2116 391 2164; x_wconf 91' lang='lat' dir='ltr'>bilis</span> <span class='ocrx_word' id='word_1_228' title='bbox 444 2116 584 2165; x_wconf 91' lang='lat' dir='ltr'>uisus</span> <span class='ocrx_word' id='word_1_229' title='bbox 637 2118 769 2179; x_wconf 86' lang='lat' dir='ltr'>erat,</span> <span class='ocrx_word' id='word_1_230' title='bbox 822 2116 963 2164; x_wconf 91' lang='lat' dir='ltr'>uncis</span> <span class='ocrx_word' id='word_1_231' title='bbox 1014 2116 1262 2164; x_wconf 92' lang='lat' dir='ltr'>inclusum</span> <span class='ocrx_word' id='word_1_232' title='bbox 1323 2116 1463 2179; x_wconf 89' lang='lat' dir='ltr'>signo</span> <span class='ocrx_word' id='word_1_233' title='bbox 1518 2115 1701 2164; x_wconf 86' lang='lat' dir='ltr'>ordinis</span> <span class='ocrx_word' id='word_1_234' title='bbox 1762 2112 1815 2166; x_wconf 91' lang='grc' dir='ltr'>Ο</span> <span class='ocrx_word' id='word_1_235' title='bbox 1868 2115 1953 2163; x_wconf 89' lang='lat' dir='ltr'>ad-</span> 
     </span>
     <span class='ocr_line' id='line_1_28' title="bbox 279 2185 1956 2251; baseline -0.001 -14"><span class='ocrx_word' id='word_1_236' title='bbox 279 2190 394 2237; x_wconf 91' lang='lat' dir='ltr'>didi.</span> <span class='ocrx_word' id='word_1_237' title='bbox 465 2190 550 2238; x_wconf 89' lang='lat' dir='ltr'>sed</span> <span class='ocrx_word' id='word_1_238' title='bbox 587 2189 719 2238; x_wconf 79' lang='lat' dir='ltr'>inter</span> <span class='ocrx_word' id='word_1_239' title='bbox 757 2205 923 2238; x_wconf 90' lang='lat' dir='ltr'>omnes</span> <span class='ocrx_word' id='word_1_240' title='bbox 966 2190 1150 2238; x_wconf 88' lang='lat' dir='ltr'>ordinis</span> <span class='ocrx_word' id='word_1_241' title='bbox 1195 2187 1248 2240; x_wconf 93' lang='grc' dir='ltr'><strong>Ο</strong></span> <span class='ocrx_word' id='word_1_242' title='bbox 1285 2190 1437 2238; x_wconf 89' lang='lat' dir='ltr'>libros</span> <span class='ocrx_word' id='word_1_243' title='bbox 1482 2185 1563 2239; x_wconf 90' lang='grc' dir='ltr'>ΟΙ</span> <span class='ocrx_word' id='word_1_244' title='bbox 1595 2189 1717 2238; x_wconf 88' lang='lat' dir='ltr'>adeo</span> <span class='ocrx_word' id='word_1_245' title='bbox 1757 2189 1956 2251; x_wconf 89' lang='lat' dir='ltr'>eminet,</span> 
     </span>
     <span class='ocr_line' id='line_1_29' title="bbox 277 2257 1954 2326; baseline -0.001 -15"><span class='ocrx_word' id='word_1_246' title='bbox 277 2265 337 2311; x_wconf 90' lang='lat' dir='ltr'>ut</span> <span class='ocrx_word' id='word_1_247' title='bbox 381 2263 563 2326; x_wconf 89' lang='lat' dir='ltr'>reliqui</span> <span class='ocrx_word' id='word_1_248' title='bbox 617 2279 728 2311; x_wconf 88' lang='lat' dir='ltr'>cum</span> <span class='ocrx_word' id='word_1_249' title='bbox 778 2257 882 2312; x_wconf 82' lang='grc' dir='ltr'>ΟΠ</span> <span class='ocrx_word' id='word_1_250' title='bbox 919 2266 1028 2312; x_wconf 86' lang='lat' dir='ltr'>tum</span> <span class='ocrx_word' id='word_1_251' title='bbox 1078 2262 1130 2313; x_wconf 91' lang='lat' dir='ltr'><strong><em>Z</em></strong></span> <span class='ocrx_word' id='word_1_252' title='bbox 1171 2279 1289 2325; x_wconf 86' lang='lat' dir='ltr'>prae</span> <span class='ocrx_word' id='word_1_253' title='bbox 1342 2264 1430 2312; x_wconf 94' lang='lat' dir='ltr'>illo</span> <span class='ocrx_word' id='word_1_254' title='bbox 1476 2262 1770 2326; x_wconf 85' lang='lat' dir='ltr'>neglegendi</span> <span class='ocrx_word' id='word_1_255' title='bbox 1814 2262 1954 2310; x_wconf 88' lang='lat' dir='ltr'>uide-</span> 
     </span>
     <span class='ocr_line' id='line_1_30' title="bbox 278 2331 1957 2400; baseline -0.001 -15"><span class='ocrx_word' id='word_1_256' title='bbox 278 2339 440 2385; x_wconf 87' lang='lat' dir='ltr'>antur.</span> <span class='ocrx_word' id='word_1_257' title='bbox 516 2337 686 2400; x_wconf 90' lang='lat' dir='ltr'>itaque</span> <span class='ocrx_word' id='word_1_258' title='bbox 741 2352 854 2385; x_wconf 91' lang='lat' dir='ltr'>cum</span> <span class='ocrx_word' id='word_1_259' title='bbox 906 2337 1141 2386; x_wconf 87' lang='lat' dir='ltr'>lectiones</span> <span class='ocrx_word' id='word_1_260' title='bbox 1194 2331 1275 2387; x_wconf 85' lang='grc' dir='ltr'>ΟῙ</span> <span class='ocrx_word' id='word_1_261' title='bbox 1322 2353 1435 2386; x_wconf 92' lang='lat' dir='ltr'>cum</span> <span class='ocrx_word' id='word_1_262' title='bbox 1484 2331 1586 2386; x_wconf 87' lang='lat' dir='ltr'>O11</span> <span class='ocrx_word' id='word_1_263' title='bbox 1626 2338 1715 2384; x_wconf 87' lang='lat' dir='ltr'>aut</span> <span class='ocrx_word' id='word_1_264' title='bbox 1765 2335 1817 2385; x_wconf 92' lang='lat' dir='ltr'><strong><em>Z</em></strong></span> <span class='ocrx_word' id='word_1_265' title='bbox 1867 2338 1957 2384; x_wconf 82' lang='lat' dir='ltr'>aut</span> 
     </span>
     <span class='ocr_line' id='line_1_31' title="bbox 277 2409 1954 2474; baseline -0.001 -16"><span class='ocrx_word' id='word_1_266' title='bbox 277 2425 389 2458; x_wconf 92' lang='lat' dir='ltr'>cum</span> <span class='ocrx_word' id='word_1_267' title='bbox 426 2412 639 2474; x_wconf 90' lang='lat' dir='ltr'>utroque</span> <span class='ocrx_word' id='word_1_268' title='bbox 679 2410 1012 2472; x_wconf 76' lang='lat' dir='ltr'>discrepantes</span> <span class='ocrx_word' id='word_1_269' title='bbox 1051 2426 1141 2459; x_wconf 93' lang='lat' dir='ltr'>nec</span> <span class='ocrx_word' id='word_1_270' title='bbox 1170 2413 1340 2459; x_wconf 86' lang='lat' dir='ltr'>tamen</span> <span class='ocrx_word' id='word_1_271' title='bbox 1371 2410 1649 2459; x_wconf 79' lang='lat' dir='ltr'>Germanici</span> <span class='ocrx_word' id='word_1_272' title='bbox 1680 2409 1954 2458; x_wconf 88' lang='lat' dir='ltr'>sententiae</span> 
     </span>
     <span class='ocr_line' id='line_1_32' title="bbox 279 2483 1956 2548; baseline -0.001 -16"><span class='ocrx_word' id='word_1_273' title='bbox 279 2484 531 2532; x_wconf 74' lang='lat' dir='ltr'>obstantes</span> <span class='ocrx_word' id='word_1_274' title='bbox 569 2484 774 2533; x_wconf 88' lang='lat' dir='ltr'>tolerari</span> <span class='ocrx_word' id='word_1_275' title='bbox 811 2487 1091 2548; x_wconf 87' lang='lat' dir='ltr'>potuerant,</span> <span class='ocrx_word' id='word_1_276' title='bbox 1132 2500 1214 2534; x_wconf 88' lang='lat' dir='ltr'>eas</span> <span class='ocrx_word' id='word_1_277' title='bbox 1251 2485 1304 2532; x_wconf 93' lang='lat' dir='ltr'>in</span> <span class='ocrx_word' id='word_1_278' title='bbox 1341 2484 1496 2532; x_wconf 89' lang='lat' dir='ltr'>uerba</span> <span class='ocrx_word' id='word_1_279' title='bbox 1546 2484 1681 2532; x_wconf 83' lang='lat' dir='ltr'>illius</span> <span class='ocrx_word' id='word_1_280' title='bbox 1719 2483 1956 2545; x_wconf 91' lang='lat' dir='ltr'>recipien-</span> 
     </span>
     <span class='ocr_line' id='line_1_33' title="bbox 278 2557 1953 2621; baseline -0.001 -15"><span class='ocrx_word' id='word_1_281' title='bbox 278 2557 366 2606; x_wconf 88' lang='lat' dir='ltr'>das</span> <span class='ocrx_word' id='word_1_282' title='bbox 391 2573 496 2606; x_wconf 89' lang='lat' dir='ltr'>esse</span> <span class='ocrx_word' id='word_1_283' title='bbox 521 2558 650 2606; x_wconf 87' lang='lat' dir='ltr'>duxi.</span> <span class='ocrx_word' id='word_1_284' title='bbox 702 2573 862 2620; x_wconf 88' lang='lat' dir='ltr'>neque</span> <span class='ocrx_word' id='word_1_285' title='bbox 886 2557 1055 2621; x_wconf 85' lang='lat' dir='ltr'>igitur,</span> <span class='ocrx_word' id='word_1_286' title='bbox 1087 2561 1146 2606; x_wconf 93' lang='lat' dir='ltr'>ut</span> <span class='ocrx_word' id='word_1_287' title='bbox 1169 2558 1261 2606; x_wconf 90' lang='lat' dir='ltr'>hoc</span> <span class='ocrx_word' id='word_1_288' title='bbox 1285 2561 1403 2606; x_wconf 87' lang='lat' dir='ltr'>utar</span> <span class='ocrx_word' id='word_1_289' title='bbox 1426 2558 1664 2621; x_wconf 84' lang='lat' dir='ltr'>exemplo,</span> <span class='ocrx_word' id='word_1_290' title='bbox 1689 2557 1953 2605; x_wconf 90' lang='lat' dir='ltr'>Phaenom.</span> 
     </span>
     <span class='ocr_line' id='line_1_34' title="bbox 279 2626 1954 2693; baseline -0.001 -15"><span class='ocrx_word' id='word_1_291' title='bbox 279 2648 325 2680; x_wconf 91' lang='grc'>11.</span> <span class='ocrx_word' id='word_1_292' title='bbox 369 2634 397 2681; x_wconf 92' lang='grc'>9</span> <span class='ocrx_word' id='word_1_293' title='bbox 461 2632 607 2680; x_wconf 88' lang='lat' dir='ltr'>lectio</span> <span class='ocrx_word' id='word_1_294' title='bbox 670 2635 831 2687; x_wconf 76' lang='lat' dir='ltr'>tanta,</span> <span class='ocrx_word' id='word_1_295' title='bbox 886 2631 1115 2693; x_wconf 90' lang='lat' dir='ltr'>quamuis</span> <span class='ocrx_word' id='word_1_296' title='bbox 1174 2626 1276 2681; x_wconf 85' lang='grc' dir='ltr'>ΟΠ</span> <span class='ocrx_word' id='word_1_297' title='bbox 1317 2634 1368 2680; x_wconf 90' lang='lat' dir='ltr'>et</span> <span class='ocrx_word' id='word_1_298' title='bbox 1425 2630 1478 2681; x_wconf 92' lang='lat' dir='ltr'><em>Z</em></span> <span class='ocrx_word' id='word_1_299' title='bbox 1525 2635 1679 2693; x_wconf 77' lang='lat' dir='ltr'>parta</span> <span class='ocrx_word' id='word_1_300' title='bbox 1737 2630 1954 2692; x_wconf 90' lang='lat' dir='ltr'>speciose</span> 
     </span>
     <span class='ocr_line' id='line_1_35' title="bbox 278 2698 1954 2769; baseline 0.001 -17"><span class='ocrx_word' id='word_1_301' title='bbox 278 2705 568 2769; x_wconf 87' lang='lat' dir='ltr'>praebeant,</span> <span class='ocrx_word' id='word_1_302' title='bbox 613 2705 815 2753; x_wconf 88' lang='lat' dir='ltr'>uidetur</span> <span class='ocrx_word' id='word_1_303' title='bbox 859 2720 965 2753; x_wconf 88' lang='lat' dir='ltr'>esse</span> <span class='ocrx_word' id='word_1_304' title='bbox 1010 2705 1272 2755; x_wconf 89' lang='lat' dir='ltr'>reicienda.</span> <span class='ocrx_word' id='word_1_305' title='bbox 1349 2705 1527 2768; x_wconf 85' lang='lat' dir='ltr'>quodsi</span> <span class='ocrx_word' id='word_1_306' title='bbox 1571 2705 1807 2754; x_wconf 87' lang='lat' dir='ltr'>lectiones</span> <span class='ocrx_word' id='word_1_307' title='bbox 1851 2698 1954 2753; x_wconf 86' lang='grc' dir='ltr'>ΟΙΙ</span> 
     </span>
     <span class='ocr_line' id='line_1_36' title="bbox 279 2774 1951 2842; baseline -0.002 -15"><span class='ocrx_word' id='word_1_308' title='bbox 279 2794 393 2827; x_wconf 93' lang='lat' dir='ltr'>cum</span> <span class='ocrx_word' id='word_1_309' title='bbox 436 2778 488 2828; x_wconf 89' lang='lat' dir='ltr'><em>Z</em></span> <span class='ocrx_word' id='word_1_310' title='bbox 522 2779 759 2827; x_wconf 87' lang='lat' dir='ltr'>facientes</span> <span class='ocrx_word' id='word_1_311' title='bbox 797 2779 954 2840; x_wconf 89' lang='lat' dir='ltr'>pluris</span> <span class='ocrx_word' id='word_1_312' title='bbox 995 2794 1144 2842; x_wconf 84' lang='lat' dir='ltr'>quam</span> <span class='ocrx_word' id='word_1_313' title='bbox 1180 2774 1260 2829; x_wconf 84' lang='grc' dir='ltr'>ΟῙ</span> <span class='ocrx_word' id='word_1_314' title='bbox 1299 2780 1640 2842; x_wconf 85' lang='lat' dir='ltr'>aestimantur,</span> <span class='ocrx_word' id='word_1_315' title='bbox 1681 2777 1951 2826; x_wconf 89' lang='lat' dir='ltr'>auctoritas</span> 
     </span>
     <span class='ocr_line' id='line_1_37' title="bbox 278 2851 1953 2916; baseline -0.002 -16"><span class='ocrx_word' id='word_1_316' title='bbox 278 2853 423 2901; x_wconf 89' lang='lat' dir='ltr'>testis</span> <span class='ocrx_word' id='word_1_317' title='bbox 448 2852 731 2916; x_wconf 86' lang='lat' dir='ltr'>grauissimi</span> <span class='ocrx_word' id='word_1_318' title='bbox 755 2853 1231 2916; x_wconf 87' lang='lat' dir='ltr'>locupletissimique</span> <span class='ocrx_word' id='word_1_319' title='bbox 1262 2853 1567 2916; x_wconf 84' lang='lat' dir='ltr'>infringitur.</span> <span class='ocrx_word' id='word_1_320' title='bbox 1623 2866 1781 2914; x_wconf 91' lang='lat' dir='ltr'>neque</span> <span class='ocrx_word' id='word_1_321' title='bbox 1807 2851 1953 2914; x_wconf 86' lang='lat' dir='ltr'>enim,</span> 
     </span>
     <span class='ocr_line' id='line_1_38' title="bbox 281 2921 1953 2989; baseline -0.002 -15"><span class='ocrx_word' id='word_1_322' title='bbox 281 2941 393 2974; x_wconf 92' lang='lat' dir='ltr'>cum</span> <span class='ocrx_word' id='word_1_323' title='bbox 444 2927 685 2976; x_wconf 90' lang='lat' dir='ltr'>librorum</span> <span class='ocrx_word' id='word_1_324' title='bbox 736 2921 839 2977; x_wconf 77' lang='grc' dir='ltr'>ΟΙΙ</span> <span class='ocrx_word' id='word_1_325' title='bbox 893 2929 943 2975; x_wconf 90' lang='lat' dir='ltr'>et</span> <span class='ocrx_word' id='word_1_326' title='bbox 1001 2925 1050 2976; x_wconf 92' lang='lat' dir='ltr'><em>Z</em></span> <span class='ocrx_word' id='word_1_327' title='bbox 1101 2927 1259 2975; x_wconf 91' lang='lat' dir='ltr'>maior</span> <span class='ocrx_word' id='word_1_328' title='bbox 1310 2942 1427 2989; x_wconf 87' lang='lat' dir='ltr'>pars</span> <span class='ocrx_word' id='word_1_329' title='bbox 1488 2924 1953 2987; x_wconf 85' lang='lat' dir='ltr'>interpolationibus</span> 
     </span>
    </p>
   </div>
  </div>
 </body>
</html>
