2106 3140
260 108 410 153 XVm
930 109 1267 153 PRAEFATIO

262 236 432 282 autem
477 233 801 297 editionibuS,
857 249 982 296 quae
1029 235 1144 295 post
1191 233 1353 282 Grotii
1401 234 1675 297 Syntagma
1725 236 1777 282 et
1829 236 1948 283 ante

202 328 228 359 o
262 306 598 355 recensionem
637 307 690 355 J.
725 306 776 355 C.
812 305 1022 355 Orellii
1058 308 1221 355 factae
1261 309 1392 371 sunt,
1431 310 1481 356 et
1510 307 1767 356 Joannis
1799 306 1943 356 Con-

205 401 232 431 σ
261 382 398 429 radi
456 380 749 428 Schwartz
807 380 1128 428 Miscellanea
1186 381 1489 443 philologica
1549 383 1600 429 et
1660 381 1949 444 theologica

257 447 502 521 (Coburgi
539 469 581 502 a.
627 446 815 519 1715),
862 453 1043 516 quibus
1082 449 1326 502 ‘Caesaris
1366 452 1646 503 Germanici
1692 470 1818 517 quae
1860 470 1944 502 ex·

260 529 374 575 tant
420 543 569 589 opera
615 522 800 574 omnia'
847 527 1186 590 continentur,
1233 543 1332 575 non
1377 527 1482 576 sine
1530 529 1700 576 fructu
1738 528 1947 576 adhibui

261 603 314 649 et
351 617 478 664 quae
518 600 579 648 ab
618 600 716 647 illa
735 599 918 661 pendet
948 600 1215 648 editionem
1245 600 1684 664 Luneburgensem
1716 617 1756 649 a.
1787 603 1947 665 1728,

262 690 389 737 quae
420 673 709 721 inscribitur
739 669 1038 721 ‘Germanici
1077 672 1301 722 Caesaris
1340 690 1490 736 opera
1521 675 1696 723 omnia.
1759 674 1949 723 Aratea

261 747 622 810 Phaenomena,
657 746 983 810 Prognostica
1021 748 1396 810 epigrammata,
1436 751 1487 796 et
1523 743 1838 812 fragmenta'.
1900 748 1949 796 is

263 823 445 882 autem,
471 820 558 883 qui
589 835 699 868 eam
724 820 991 869 editionem
1015 821 1294 885 euulgauit,
1325 837 1423 869 non
1448 823 1747 870 nominatur.
1795 837 1947 883 quam

209 916 231 946 s
264 894 602 943 Christiano
647 895 956 943 Friderico
1016 895 1266 943 Schmid
1333 910 1445 943 cum
1514 894 1669 944 Orelli
1730 895 1949 943 Phaedri

260 968 357 1016 sab.
397 985 443 1030 p.
473 969 578 1017 150
616 969 727 1016 tum
753 968 833 1016 W.
868 967 1123 1033 Suringar,
1163 969 1222 1017 de
1270 969 1636 1032 mythographo
1677 971 1943 1017 astronom.

263 1035 432 1108 (prog.
489 1041 721 1090 scholast.
774 1042 997 1090 Leidens.
1053 1058 1095 1090 a.
1141 1036 1314 1108 1842)
1369 1059 1415 1104 p.
1465 1043 1494 1091 5
1552 1043 1662 1091 adn.
1707 1045 1733 1090 1
1799 1042 1947 1090 attri-

260 1115 387 1163 buit.
464 1115 702 1163 Schmidii
749 1116 915 1179 editio,
964 1116 1059 1164 etsi
1107 1132 1137 1164 a
1184 1115 1547 1165 Schwartziana
1593 1116 1809 1178 repetita
1855 1118 1944 1179 est,

260 1191 430 1238 tamen
467 1189 621 1237 habet
657 1189 900 1250 quaedam
937 1191 1152 1252 propria.
1227 1191 1372 1238 uelut
1408 1206 1457 1237 u.
1499 1192 1564 1238 32
1608 1190 1946 1238 coniecturam

261 1263 568 1311 Lachmanni
618 1277 699 1311 eas
752 1266 802 1311 et
839 1279 887 1311 u,
929 1266 1057 1327 546,
1119 1264 1205 1326 qui
1264 1279 1441 1312 uersus
1504 1266 1580 1312 est
1643 1266 1745 1313 533
1810 1263 1945 1325 apud

263 1336 590 1399 Schmidium,
646 1352 808 1384 meam
857 1351 1067 1385 nouerca
1118 1337 1518 1399 praeoccupauit.
1605 1337 1664 1385 de
1717 1335 1950 1385 uersibus

263 1413 431 1459 autem
471 1410 823 1474 suppositiciis‚
863 1426 986 1473 quos
1024 1409 1077 1459 Z
1103 1413 1218 1473 post
1253 1427 1301 1459 u.
1335 1413 1439 1460 472
1481 1411 1632 1459 habet
1671 1413 1721 1459 et
1746 1410 1948 1459 Schmid

264 1484 523 1537 emendare
562 1483 772 1547 studuit,
809 1485 1073 1547 postmodo
1112 1485 1289 1533 dicam.
1327 1487 1577 1546 postremo
1613 1487 1672 1532 ut
1702 1483 1948 1532 Aemilii

204 1567 233 1624 β
264 1558 567 1608 Baehrens
613 1558 881 1606 editionem
926 1559 1080 1607 uerbo
1131 1559 1402 1622 attingam,
1454 1558 1582 1605 nihil
1634 1559 1737 1606 fere
1786 1558 1950 1606 habeo

265 1633 398 1695 quod
437 1632 528 1696 eis,
568 1647 695 1694 quae
734 1632 794 1680 de
831 1632 921 1680 illa
959 1632 1127 1680 Herm.
1166 1632 1310 1680 XVII
1346 1649 1396 1694 p.
1436 1634 1540 1681 401
1576 1646 1681 1695 sqq.
1727 1631 1947 1693 exposui,

265 1706 490 1770 adiciam,
530 1705 630 1754 nisi
667 1705 799 1768 quod
837 1706 923 1754 ille
960 1721 1147 1768 paucos
1186 1707 1321 1754 locos
1370 1706 1615 1767 poematis
1662 1705 1952 1754 emendauit

266 1782 317 1828 et
364 1781 424 1828 de
478 1779 693 1828 editione
747 1795 858 1827 mea
910 1782 1015 1828 tam
1062 1780 1223 1828 obiter
1276 1779 1540 1843 iudicauit,
1594 1781 1653 1828 ut
1704 1779 1948 1827 iudicium

264 1868 412 1903 suum
457 1870 518 1901 ne
564 1869 663 1902 uno
711 1854 911 1916 quidem
956 1856 1251 1917 argumento
1296 1853 1492 1901 firmare
1540 1853 1761 1901 animum
1798 1853 1948 1900 indu-

266 1930 415 1976 ceret.

373 2002 540 2064 Atque
595 2001 659 2048 ad
710 2001 796 2050 Jo.
855 1999 1113 2050 Conradi
1166 2000 1503 2050 Schaubach
1553 1999 1763 2062 Aratea,
1819 2015 1952 2063 quae

264 2075 463 2137 Lipsiae
501 2075 552 2122 in
584 2075 888 2123 bibliotheca
924 2075 1271 2123 uniuersitatis
1309 2074 1584 2122 litterariae
1616 2074 1953 2122 adseruantur

269 2146 350 2212 (cf.
392 2149 464 2197 ed.
503 2149 666 2198 Berol.
698 2166 744 2210 p.
776 2142 962 2214 XXJX)
996 2151 1045 2196 et
1075 2150 1351 2197 Danielis
1379 2149 1556 2196 Parei
1593 2150 1738 2196 notas
1769 2147 1945 2195 biblio-

230 2222 234 2227 '
263 2223 437 2271 thecae
475 2223 660 2286 Regiae
692 2223 1041 2286 Berolinensis,
1072 2223 1161 2271 Ms.
1191 2223 1324 2272 Diez.
1355 2223 1412 2270 B.
1449 2224 1568 2271 133.
1600 2218 1665 2269 4⁰
1704 2221 1946 2284 signatas,

265 2312 398 2344 nunc
437 2297 702 2344 accedunt:

380 2369 590 2419 Gustaui
619 2370 728 2430 δᾶερ
755 2370 1037 2419 dissertatio
1071 2370 1130 2418 de
1162 2370 1395 2419 Cicerone
1429 2368 1719 2417 Germanico
1751 2368 1950 2417 Auieno

266 2443 413 2492 Arati
448 2443 806 2506 interpretibus
845 2436 1011 2510 (Halis
1051 2444 1302 2492 Saxonum
1342 2440 1522 2506 1886).

377 2517 525 2565 Pauli
561 2517 749 2566 Panske
788 2517 1159 2566 obseruationes
1197 2517 1396 2566 criticae
1429 2517 1482 2563 in
1515 2515 1795 2565 Germanici
1826 2515 1947 2564 Cae-

269 2591 393 2640 saris
424 2591 612 2639 Aratea
641 2584 992 2657 (Commentat.
1024 2591 1219 2653 philol.,
1258 2591 1437 2653 quibus
1469 2589 1643 2638 Ottoni
1672 2589 1947 2638 Ribbeckio

268 2665 685 2728 congratulantur
721 2664 951 2727 discipuli
989 2665 1268 2727 Lipsienses
1305 2665 1437 2726 Lips.
1481 2660 1657 2729 1888).

201 2761 246 2790 m
377 2739 591 2788 Joamzis
635 2740 907 2799 Maybaum
948 2739 1230 2787 dissertatio
1278 2738 1336 2787 de
1383 2737 1616 2787 Cicerone
1656 2739 1707 2785 et
1745 2735 1948 2785 Germa-

268 2813 378 2861 nico
417 2812 564 2861 Arati
599 2812 957 2874 interpretibus
997 2807 1276 2878 (Rostochii
1317 2805 1497 2878 1889).

212 2910 233 2938 ε
379 2887 670 2936 Robinsonis
706 2886 839 2935 Ellis
875 2886 1057 2935 Noctes
1096 2886 1396 2935 Manilianae
1436 2882 1640 2952 (Oxonii
1682 2877 1861 2949 1891).

199 2539 239 2582 ’Β
