2106 3140
837 123 1177 181 PRAEFATIO
1780 125 1844 168 XI

169 251 221 299 id
257 252 333 298 est
371 249 722 298 commentaria
757 248 990 311 anonymi
1019 249 1072 296 in
1102 248 1382 297 uersionem
1413 247 1692 297 Germanici
1723 247 1843 296 Cae-

170 324 315 387 saris3
354 323 536 371 desunt
573 322 813 371 nonnulla
851 322 914 370 ad
953 322 1138 370 calcem
1175 322 1259 371 fol.
1293 323 1374 370 85.
1414 321 1644 383 Impress.
1683 323 1734 368 in
1770 322 1844 370 ed.

169 398 206 445 I.
249 398 301 445 T.
343 396 526 459 Buhle,
573 396 673 445 uol.
711 396 764 443 II
808 412 855 458 p.
889 391 1003 444 33.“
1063 395 1184 444 haec
1247 395 1436 444 scilicet
1488 395 1674 443 scholia
1728 398 1846 444 sunt

168 470 456 519 recentiora.
532 469 622 517 illa
661 471 830 517 autem
868 468 1049 517 codicis
1087 484 1218 531 pars,
1255 485 1382 531 quae
1419 484 1624 517 numero
1661 471 1725 518 15
1766 469 1840 516 in-

170 544 354 608 signita
392 545 468 591 est
506 545 557 590 et
593 542 677 591 fol.
713 545 778 592 92
820 558 900 592 au,
938 542 1127 607 incipit,
1168 544 1372 591 centone
1411 542 1716 606 VergilianO,
1756 542 1843 605 qui

167 617 456 666 inscribitur
491 616 658 676 Paphi
704 616 897 677 Virgilii
934 617 1161 665 Maronis
1203 618 1512 665 astronomiae
1542 612 1670 664 'artis
1710 617 1841 671 liber,

168 691 230 740 ab
269 690 468 739 Arateis
507 689 809 753 Germanici,
849 705 974 752 quae
1014 707 1060 739 n.
1096 693 1160 738 17
1204 690 1536 752 continentur,
1568 692 1842 751 separatur.

166 765 337 828 itaque
369 763 719 826 inquirendum
750 765 839 825 est,
871 765 1042 811 utrum
1068 763 1183 813 olim
1210 763 1403 812 codices
1438 765 1502 812 15
1531 765 1581 811 et
1615 766 1678 811 17
1713 763 1845 812 inter

168 854 219 887 86
251 837 559 886 cohaeserint
589 851 755 885 necne.
822 837 923 884 iam
953 852 1072 885 uero
1102 837 1352 885 Baehrens
1384 837 1600 885 codicem
1631 835 1713 884 Α*
1745 853 1844 886 non

168 912 232 960 ad
269 911 399 958 idem
438 911 759 974 apographon
791 910 1050 972 archetypi
1086 907 1140 959 Ο
1163 913 1313 972 atque
1345 909 1508 958 ABP
1531 910 1844 959 referendum

167 1000 271 1034 esse
316 984 460 1033 uidit.
535 1000 652 1032 nam
702 1000 816 1032 eum
869 999 984 1031 cum
1034 984 1318 1032 Matritensi
1365 987 1415 1032 et
1465 983 1746 1032 Strozziano
1793 986 1844 1033 et

164 1058 410 1108 Italorum
461 1057 600 1106 libris
645 1057 806 1106 ordini
856 1054 910 1107 Ο
951 1057 1327 1106 attribuendum
1373 1072 1478 1105 esse
1524 1058 1844 1106 manifestum

166 1135 255 1181 est.
331 1146 452 1180 usus
491 1146 601 1179 sum
638 1131 936 1179 lectionibus
976 1147 1005 1179 a
1042 1131 1343 1180 Baehrensio
1383 1131 1566 1180 allatis,

277 1205 441 1254 Codex
471 1205 807 1261 Bononiensi&
848 1205 935 1268 qui
975 1207 1051 1253 est
1087 1205 1227 1253 urbis
1260 1204 1493 1269 Gallicae,
1533 1221 1658 1268 quae
1694 1221 1842 1253 uoca-
1865 1212 1936 1256 Ba

167 1282 253 1328 tur
290 1280 806 1342 Boulogne-sur-mer,
846 1295 1052 1327 numero
1090 1281 1191 1328 185
1233 1279 1562 1327 bibliothecae
1601 1279 1846 1343 publicae,

168 1353 595 1417 membranaceus,
650 1353 812 1401 forma
866 1352 1111 1415 quadrata
1163 1353 1403 1417 maxima,
1450 1352 1583 1400 foliis
1636 1352 1847 1416 triginta

167 1428 346 1491 tribuS,
377 1426 846 1489 undequadraginta
875 1426 1176 1489 imaginibus
1208 1427 1493 1489 adornatus,
1527 1427 1847 1489 inscriptione

167 1503 218 1549 et
256 1500 454 1548 scholiis
494 1515 678 1562 carens,
718 1499 993 1562 descriptus
1034 1516 1063 1548 a
1101 1500 1318 1548 Rudolfo
1356 1500 1545 1548 Dahms
1585 1493 1779 1565 (Jahrb.
1813 1500 1845 1547 f.

167 1574 308 1623 class.
333 1574 511 1622 Philol.
550 1575 687 1622 1869
728 1572 790 1622 Η.
817 1575 849 1620 4
881 1591 927 1635 p.
954 1575 1057 1622 269
1086 1571 1225 1637 sqq.),
1264 1574 1385 1622 item
1424 1589 1454 1621 a
1482 1574 1547 1621 M.
1576 1574 1848 1621 Michelant

170 1651 221 1696 et
250 1648 315 1695 M.
342 1646 529 1696 Gerard
560 1640 858 1713 (Catalogue
891 1647 1093 1710 general
1118 1647 1202 1695 des
1227 1647 1526 1695 manuscrits
1551 1647 1636 1695 des
1667 1647 1845 1695 biblio-

167 1722 377 1783 theques
402 1721 487 1769 des
513 1721 893 1782 departements
935 1721 1087 1769 Tome
1110 1720 1182 1768 IV
1205 1737 1251 1783 p.
1272 1723 1374 1770 687
1396 1736 1465 1783 sq.
1505 1721 1645 1769 Paris
1667 1717 1846 1785 1872).

166 1795 394 1843 Dahmsii
439 1797 607 1842 autem
646 1794 968 1842 collationem
1013 1794 1077 1842 ad
1116 1794 1386 1843 editionem
1432 1809 1574 1843 suam
1618 1794 1848 1843 adhibuit

166 1869 430 1930 BaehrenS‚
454 1868 595 1916 cuius
619 1867 876 1929 scripturis
899 1883 1022 1916 usus
1046 1883 1170 1916 sum.
1210 1870 1360 1931 atque
1384 1869 1570 1917 Aratea
1600 1868 1847 1931 incipiunt

165 1943 250 1991 fol.
275 1944 345 1991 20
370 1958 445 1990 an.
479 1944 530 1990 et
559 1942 642 1990 fol.
670 1943 737 1990 33
764 1941 876 1990 adu.
909 1942 986 1990 his
1025 1942 1190 1990 uerbis
1229 1942 1497 1991 finiuntur:

311 2016 666 2089 ualefnoems
713 2033 783 2071 ιΝ
830 2016 960 2072 ὸιὶνο
1003 2015 1105 2072 >mi
1148 2031 1413 2072 mestuus
1457 2031 1704 2072 Amoue-

165 2100 387 2149 continet
416 2100 596 2148 Phaen.
626 2102 837 2150 1—725
873 2102 922 2149 et
954 2101 1128 2164 fragm.
1162 2100 1239 2148 III
1271 2103 1321 2149 et
1350 2101 1415 2149 ΙΙ,
1464 2116 1523 2149 ex
1553 2101 1646 2149 hoc
1678 2103 1846 2149 autem

165 2174 292 2222 libro
339 2174 527 2222 Dahms
573 2173 791 2222 codicem
834 2174 1134 2223 Bernensem
1184 2191 1230 2224 n.
1264 2176 1331 2223 88
1381 2174 1686 2236 descriptum
1739 2190 1844 2223 esse

167 2248 474 2311 argumentis
515 2247 635 2295 satis
673 2247 868 2311 magnis
907 2248 1072 2297 euicit.
1133 2248 1304 2311 itaque
1349 2263 1480 2297 nunc
1518 2248 1845 2297 Bononiensis

167 2322 485 2383 potissimum
522 2321 809 2370 testimonio
848 2337 967 2384 prae
1005 2323 1247 2371 Bernensi
1278 2322 1529 2375 ,utendum
1568 2337 1672 2371 esse
1711 2323 1844 2371 duxi.

168 2397 244 2442 est
283 2397 454 2443 autem
490 2395 815 2444 Bononiensis
856 2395 1064 2444 alterius
1104 2396 1292 2444 ordinis
1331 2389 1446 2462 (Z).

279 2467 443 2516 Codex
471 2468 849 2518 Panormitanus
883 2469 1212 2518 bibliothecae
1250 2470 1451 2518 urbicae
1494 2472 1524 2517 2
1552 2468 1591 2526 Q
1617 2486 1660 2532 q.
1686 2470 1743 2518 E.
1773 2471 1836 2517 11
1866 2472 1916 2516 F

168 2542 411 2606 signatus,
451 2543 754 2607 chartaceus,
793 2543 953 2591 forma
993 2543 1240 2606 quadrata
1276 2544 1480 2608 minore,
1520 2543 1706 2591 saeculi
1736 2543 1843 2591 XV.

167 2615 269 2663 iam
315 2614 378 2662 ab
423 2615 623 2665 Hertzio
678 2616 955 2678 descriptus
1010 2611 1093 2682 (cf.
1141 2618 1214 2666 ed.
1262 2618 1425 2666 Berol.
1469 2635 1518 2680 p.
1549 2617 1712 2665 XXIV
1736 2610 1847 2682 sq.)‚

166 2705 328 2750 nuper
382 2692 433 2737 et
484 2689 645 2738 denuo
699 2689 977 2752 descriptus
1027 2693 1078 2739 et
1131 2691 1343 2740 collatus
1396 2707 1426 2739 a
1479 2692 1537 2738 R.
1577 2690 1848 2738 Sabbadini

170 2758 483 2828 (SallustiuS,
524 2761 748 2826 Ouidius,
786 2763 994 2826 Plinius,
1027 2763 1365 2827 Germanicus,
1398 2763 1700 2813 Claudianus
1734 2779 1850 2811 cum-

167 2836 312 2885 nouis
374 2836 625 2885 codicibus
687 2837 858 2885 collati
918 2840 1069 2900 atque
1131 2838 1399 2900 emendati,
1457 2837 1661 2886 Catinae
1706 2838 1844 2885 1888

168 2925 215 2971 p.
246 2912 312 2959 10
329 2904 473 2976 sqq.).
529 2909 749 2959 continet
771 2910 952 2959 Phaen.
975 2913 1189 2961 1—430
1214 2914 1265 2960 et
1294 2912 1470 2976 fragm.
1494 2911 1566 2958 IV
1592 2912 1844 2959 52—163
