2106 3140
260 109 347 154 XX
929 106 1265 151 PRAEFATIO

263 233 317 281 T.
360 230 554 281 Claudii
606 234 818 281 caesaris
875 234 1005 281 arati
1053 233 1373 292 phenomeoiia
1419 234 1469 280 et
1523 231 1943 294 subscriptionem

258 306 430 354 habet:
474 307 525 354 T.
566 307 746 355 claudii
783 308 960 354 cesaris
999 308 1129 354 arati
1152 328 1163 340 ·
1179 306 1479 365 phenomena
1510 307 1700 366 emplicil
1728 307 1940 366 feliciter.

260 396 289 427 a
342 380 519 442 quibus
585 381 686 428 stat
752 379 884 441 quod
940 379 1013 426 Va
1070 378 1158 427 fol.
1215 379 1282 427 52
1339 378 1452 427 adu.
1500 379 1707 427 adiecit:
1763 380 1945 428 Inueni

259 455 387 501 libra
425 455 623 501 metrica
655 456 698 500 et
717 454 950 512 prosaici?
983 453 1059 500 cui
1091 452 1256 500 titulus
1288 455 1403 502 erat.
1439 447 1446 516 Ι
1483 453 1536 500 Τ.
1571 452 1767 502 Claudii
1799 452 1943 501 Cesa-

256 528 330 576 ris
386 524 534 575 Arati
584 527 904 586 phenomenia
956 526 1013 573 de
1067 525 1152 573 celi
1202 527 1408 585 positio&
1473 530 1515 574 et
1567 529 1695 587 quiq.
1751 528 1946 575 circulis

257 601 440 648 mundi.
476 594 483 664 Ι
515 600 598 647 Ex
634 600 719 647 hoc
757 599 909 647 libello
949 600 1158 660 excerpsi
1194 601 1292 647 soti
1337 594 1444 647 mdo
1484 602 1719 648 carmina.
1754 598 1761 659 Ι
1795 602 1878 648 secl
1915 603 1942 648 i

259 675 355 722 alio
391 675 577 721 uolumi
612 676 711 720 tam
740 686 913 720 uersus
939 673 980 743 ᾖ
1011 687 1157 732 prosc
1186 674 1368 732 scripta
1397 668 1473 721 εἰ).
1541 673 1742 735 Reliqui
1773 676 1943 722 autem

260 747 506 794 Italorum
551 745 670 793 libri
716 745 801 792 uix
847 745 1002 793 ullam
1058 745 1245 794 habent
1295 746 1647 794 auctoritatem
1699 747 1843 794 uelut
1890 747 1947 811 V,

259 820 346 882 qui
396 819 685 867 inscribitur
729 817 918 868 Aratus
970 821 1197 868 sicionius
1248 821 1301 867 in
1346 821 1503 868 sicilia
1555 822 1738 869 noviter
1782 835 1944 880 reper-

260 899 335 941 tus
381 895 547 953 incipit
583 894 796 952 feliciter.
871 894 924 939 F
954 893 1106 942 habet
1151 893 1310 955 primo
1357 893 1477 941 folio
1526 893 1671 942 haec:
1726 892 1943 942 FRAG-

257 966 611 1014 MENTUM:
648 961 916 1032 ΑΒΑΤΙΙ
950 968 1045 1016 IN.
1085 965 1395 1014 SICILIA:
1432 966 1891 1016 GOMPERTUM.
1934 960 1941 1034 Ι

261 1039 442 1088 CUM:
490 1039 823 1089 GOMENTO
860 1033 1006 1107 (item
1043 1041 1146 1089 fere
1195 1036 1311 1105 V0),
1359 1041 1479 1090 folio
1519 1044 1721 1104 quarto:
1777 1040 1947 1089 ARA-

261 1108 894 1181 TUS.·A.·M.·TULLIO}
913 1111 1296 1163 CICERONE:
1311 1113 1502 1162 TRAD
1513 1114 1756 1163 UOTUS:
1773 1115 1946 1163 eadem

258 1189 361 1236 sere
400 1188 639 1251 leguntur
677 1188 730 1235 in
771 1180 859 1236 Vd.
936 1188 1070 1251 quod
1099 1188 1141 1238 S
1166 1191 1216 1236 et
1258 1189 1328 1236 Va
1366 1188 1554 1236 nomini
1586 1189 1762 1252 gentili
1800 1204 1943 1250 prae-

259 1277 438 1310 nomen
479 1262 532 1311 T.
607 1261 963 1325 praefixerunt,
1006 1263 1166 1310 Titum
1204 1262 1367 1310 ullum
1407 1261 1669 1310 Caesarem
1706 1263 1816 1310 fieri
1848 1278 1948 1311 non

259 1337 428 1397 potest
466 1338 526 1383 ut
564 1335 853 1398 cogitemus.
930 1336 1063 1398 quod
1101 1338 1272 1384 autem
1317 1335 1599 1384 Germanici
1644 1352 1949 1398 praenomen

260 1412 375 1458 ante
430 1409 746 1470 adoptionem
805 1408 959 1457 fuisse
1019 1409 1130 1457 ueri
1190 1409 1500 1457 simillimum
1567 1410 1654 1471 sit,
1717 1410 1949 1472 exposuit

262 1483 349 1531 Th.
390 1483 678 1546 Mommsen,
717 1482 885 1532 Herm.
925 1483 1050 1531 XIII
1086 1500 1133 1545 p.
1167 1484 1286 1531 245.
1348 1483 1431 1531 sed
1474 1499 1588 1531 cum
1623 1482 1947 1532 Germanicus

260 1559 373 1618 post
427 1556 747 1619 adoptionem
792 1557 1141 1605 Phaenomena
1195 1556 1407 1605 ediderit
1453 1549 1539 1622 (cf.
1585 1557 1767 1606 Phaen.
1818 1560 1848 1605 2
1901 1559 1951 1606 et

265 1633 330 1679 15
366 1624 476 1696 sq.),
507 1630 700 1678 librarii
732 1629 1017 1679 GLAUDI
1041 1631 1167 1679 falso
1199 1630 1559 1693 inscripserunt
1590 1646 1801 1693 cumque
1833 1631 1949 1678 inde

263 1704 584 1753 Germanicus
627 1704 791 1752 Iulius
838 1703 1019 1753 Caesar
1065 1703 1229 1753 dictus
1277 1704 1343 1753 sit
1389 1697 1473 1771 (cf.
1514 1704 1951 1768 Prosopographia

264 1777 460 1840 imperii
500 1778 710 1826 Romani
748 1778 798 1825 II
837 1795 882 1827 n.
919 1780 1021 1827 146
1065 1778 1137 1827 ed.
1177 1778 1239 1826 H.
1278 1773 1506 1845 Dessau),
1546 1795 1635 1840 pro
1669 1776 1955 1826 CLAUDI

265 1851 551 1914 ponendum
589 1854 665 1900 est
705 1852 886 1901 IVLI.

374 1925 559 1982 Quodsi
597 1925 869 1989 quaeritur,
910 1941 1058 1989 quem
1094 1925 1308 1974 indicem
1348 1924 1668 1974 Germanicus
1707 1926 1813 1986 ipse
1854 1925 1950 1973 sibi

267 1999 557 2062 sumpserit,
605 1997 802 2061 ex'eiS,
865 2015 990 2062 quae
1037 2001 1185 2048 antea
1232 1993 1329 2066 (ed.
1375 1999 1538 2047 Berol.
1585 2017 1631 2061 p.
1671 1999 1743 2046 XI
1782 2015 1851 2061 sq.
1900 2001 1952 2047 et

263 2073 395 2121 Berl.
442 2073 562 2135 phil.
609 2073 1012 2121 Wochenschrift
1062 2075 1198 2122 1893
1247 2072 1333 2121 Nr.
1377 2075 1443 2121 36
1492 2073 1584 2122 col.
1628 2073 1766 2121 1133
1819 2066 1948 2137 sqq.)

264 2147 653 2210 disputauimus,
700 2147 798 2195 duo
844 2149 1077 2209 poemata
1124 2146 1460 2208 composuisse
1508 2148 1559 2195 et
1596 2162 1775 2208 unum,
1816 2142 1950 2209 quod

264 2237 312 2270 u.
349 2223 561 2269 1—-725
595 2222 794 2282 praeter
823 2236 871 2269 u.
898 2222 1185 2270 531—567
1222 2220 1516 2284 continetur,
1549 2219 1681 2284 uiuo,
1715 2220 1945 2283 alterum,

266 2294 406 2342 cuius
444 2294 682 2357 reliquiae
723 2298 1004 2358 supersunt,
1037 2296 1234 2343 mortuo
1266 2293 1499 2357 Augusto
1533 2293 1743 2342 edidisse
1778 2293 1950 2342 existi-

264 2368 474 2416 mandus
522 2369 610 2415 est.
686 2368 814 2415 illud
859 2371 1030 2416 autem
1068 2384 1128 2416 ex
1166 2367 1425 2430 archetypi
1470 2367 1758 2416 testimonio
1798 2365 1950 2415 Arati

264 2442 599 2490 Phaenomena
646 2441 848 2490 uidetur
900 2442 1222 2504 inscripsisse.
1306 2457 1422 2489 nam
1467 2441 1711 2489 Ernestus
1765 2441 1948 2503 Maass,

267 2515 358 2579 qui
395 2515 454 2563 de
494 2513 773 2563 Germanici
802 2516 1052 2577 prooemio
1093 2518 1352 2564 comment.
1391 2531 1436 2576 p.
1470 2514 1567 2562 XII
1612 2514 1949 2576 inscriptionis

265 2589 481 2637 traditae
533 2588 822 2652 genetiuum
867 2587 1016 2637 Arati
1068 2584 1146 2637 ‘ut
1191 2604 1216 2636 e
1263 2590 1465 2636 uetusta
1519 2588 1605 2636 sed
1661 2589 1788 2636 falsa
1833 2603 1947 2636 con·

266 2662 458 2711 iectura
488 2657 732 2710 coortum’
756 2678 856 2710 non
880 2657 1160 2723 delendum,
1184 2661 1270 2710 sed
1294 2662 1651 2710 secludendum
1675 2661 1948 2724 proposuit,

267 2736 465 2784 etiamsi
516 2751 694 2784 nomen
745 2735 891 2784 Arati
943 2736 1167 2799 reliquiis
1221 2752 1319 2784 non
1366 2735 1532 2784 deberi
1586 2737 1707 2784 satis
1747 2735 1946 2783 demon-

227 2860 229 2862 ,
267 2810 526 2873 strauerit,
579 2811 747 2857 tamen
798 2809 925 2857 illud
976 2809 1333 2858 Phaenomenis
1395 2825 1590 2872 quoque
1653 2808 1949 2856 demendum

269 2899 376 2933 esse
429 2883 664 2945 probasse
718 2899 817 2931 non
870 2883 1083 2932 uidetur.
1178 2883 1359 2931 etenim
1414 2899 1527 2931 cum
1586 2882 1638 2929 in
1699 2882 1951 2930 codicibus
