<?xml version="1.0" encoding="UTF-8"?>
<!DOCTYPE html PUBLIC "-//W3C//DTD XHTML 1.0 Transitional//EN"
    "http://www.w3.org/TR/xhtml1/DTD/xhtml1-transitional.dtd">
<html xmlns="http://www.w3.org/1999/xhtml" xml:lang="en" lang="en">
 <head>
  <title>
</title>
<meta http-equiv="Content-Type" content="text/html;charset=utf-8" />
  <meta name='ocr-system' content='tesseract 3.04.00' />
  <meta name='ocr-capabilities' content='ocr_page ocr_carea ocr_par ocr_line ocrx_word'/>
</head>
<body>
  <div class='ocr_page' id='page_1' title='image "./arateasolen00germuoft_0047.png"; bbox 0 0 2106 3140; ppageno 0'>
   <div class='ocr_carea' id='block_1_1' title="bbox 701 113 1854 169">
    <p class='ocr_par' dir='ltr' id='par_1_1' title="bbox 701 113 1854 169">
     <span class='ocr_line' id='line_1_1' title="bbox 701 113 1854 169; baseline 0.002 -12"><span class='ocrx_word' id='word_1_1' title='bbox 701 113 888 157; x_wconf 85' lang='lat' dir='ltr'>ARATI</span> <span class='ocrx_word' id='word_1_2' title='bbox 917 113 1343 159; x_wconf 84' lang='lat' dir='ltr'><strong>PHAENOMENA</strong></span> <span class='ocrx_word' id='word_1_3' title='bbox 1822 117 1854 169; x_wconf 88' lang='grc'>9</span> 
     </span>
    </p>
   </div>
   <div class='ocr_carea' id='block_1_2' title="bbox 59 238 1952 1187">
    <p class='ocr_par' dir='ltr' id='par_1_2' title="bbox 180 238 1948 669">
     <span class='ocr_line' id='line_1_2' title="bbox 184 238 1333 288; baseline -0.002 0"><span class='ocrx_word' id='word_1_4' title='bbox 184 240 373 288; x_wconf 87' lang='lat' dir='ltr'>semina</span> <span class='ocrx_word' id='word_1_5' title='bbox 409 238 616 287; x_wconf 90' lang='lat' dir='ltr'>uirtutis</span> <span class='ocrx_word' id='word_1_6' title='bbox 653 238 795 287; x_wconf 87' lang='lat' dir='ltr'>uitiis</span> <span class='ocrx_word' id='word_1_7' title='bbox 834 238 1055 287; x_wconf 85' lang='lat' dir='ltr'>demersa</span> <span class='ocrx_word' id='word_1_8' title='bbox 1092 238 1333 287; x_wconf 90' lang='lat' dir='ltr'>resistunt</span> 
     </span>
     <span class='ocr_line' id='line_1_3' title="bbox 182 312 1948 376; baseline 0.001 -15"><span class='ocrx_word' id='word_1_9' title='bbox 182 314 399 375; x_wconf 88' lang='lat' dir='ltr'>ferrique</span> <span class='ocrx_word' id='word_1_10' title='bbox 437 312 644 360; x_wconf 88' lang='lat' dir='ltr'>inuento</span> <span class='ocrx_word' id='word_1_11' title='bbox 682 328 820 360; x_wconf 91' lang='lat' dir='ltr'>mens</span> <span class='ocrx_word' id='word_1_12' title='bbox 859 314 934 360; x_wconf 91' lang='lat' dir='ltr'>est</span> <span class='ocrx_word' id='word_1_13' title='bbox 970 313 1163 360; x_wconf 85' lang='lat' dir='ltr'>laetata</span> <span class='ocrx_word' id='word_1_14' title='bbox 1199 312 1420 376; x_wconf 84' lang='lat' dir='ltr'>metallo,</span> <span class='ocrx_word' id='word_1_15' title='bbox 1883 330 1948 363; x_wconf 85' lang='lat'>135</span> 
     </span>
     <span class='ocr_line' id='line_1_4' title="bbox 180 386 1405 450; baseline -0.001 -15"><span class='ocrx_word' id='word_1_16' title='bbox 180 387 366 450; x_wconf 90' lang='lat' dir='ltr'>polluit</span> <span class='ocrx_word' id='word_1_17' title='bbox 404 388 455 434; x_wconf 91' lang='lat' dir='ltr'>et</span> <span class='ocrx_word' id='word_1_18' title='bbox 491 387 668 434; x_wconf 89' lang='lat' dir='ltr'>taurus</span> <span class='ocrx_word' id='word_1_19' title='bbox 706 401 900 434; x_wconf 89' lang='lat' dir='ltr'>mensas</span> <span class='ocrx_word' id='word_1_20' title='bbox 940 386 1177 434; x_wconf 88' lang='lat' dir='ltr'>adsuetus</span> <span class='ocrx_word' id='word_1_21' title='bbox 1216 388 1405 450; x_wconf 83' lang='lat' dir='ltr'>aratro,</span> 
     </span>
     <span class='ocr_line' id='line_1_5' title="bbox 183 459 1341 522; baseline -0.001 -13"><span class='ocrx_word' id='word_1_22' title='bbox 183 460 403 509; x_wconf 88' lang='lat' dir='ltr'>deseruit</span> <span class='ocrx_word' id='word_1_23' title='bbox 439 475 648 522; x_wconf 84' lang='lat' dir='ltr'>propere</span> <span class='ocrx_word' id='word_1_24' title='bbox 686 460 844 508; x_wconf 89' lang='lat' dir='ltr'>terras</span> <span class='ocrx_word' id='word_1_25' title='bbox 882 459 1159 508; x_wconf 90' lang='lat' dir='ltr'>iustissima</span> <span class='ocrx_word' id='word_1_26' title='bbox 1196 459 1341 522; x_wconf 90' lang='lat' dir='ltr'>uirgo</span> 
     </span>
     <span class='ocr_line' id='line_1_6' title="bbox 184 533 1382 596; baseline -0.003 -13"><span class='ocrx_word' id='word_1_27' title='bbox 184 536 234 583; x_wconf 91' lang='lat' dir='ltr'>et</span> <span class='ocrx_word' id='word_1_28' title='bbox 271 534 396 583; x_wconf 91' lang='lat' dir='ltr'>caeli</span> <span class='ocrx_word' id='word_1_29' title='bbox 435 534 614 581; x_wconf 89' lang='lat' dir='ltr'>sortita</span> <span class='ocrx_word' id='word_1_30' title='bbox 650 533 836 596; x_wconf 89' lang='lat' dir='ltr'>locum,</span> <span class='ocrx_word' id='word_1_31' title='bbox 877 548 977 595; x_wconf 90' lang='lat' dir='ltr'>qua</span> <span class='ocrx_word' id='word_1_32' title='bbox 1014 533 1267 595; x_wconf 84' lang='lat' dir='ltr'>proximus</span> <span class='ocrx_word' id='word_1_33' title='bbox 1305 533 1382 581; x_wconf 88' lang='lat' dir='ltr'>illi</span> 
     </span>
     <span class='ocr_line' id='line_1_7' title="bbox 182 607 1549 669; baseline 0 -13"><span class='ocrx_word' id='word_1_34' title='bbox 182 608 356 656; x_wconf 88' lang='lat' dir='ltr'>tardus</span> <span class='ocrx_word' id='word_1_35' title='bbox 393 607 446 654; x_wconf 88' lang='lat' dir='ltr'>in</span> <span class='ocrx_word' id='word_1_36' title='bbox 486 621 665 654; x_wconf 88' lang='lat' dir='ltr'>occasu</span> <span class='ocrx_word' id='word_1_37' title='bbox 704 607 932 668; x_wconf 90' lang='lat' dir='ltr'>sequitur</span> <span class='ocrx_word' id='word_1_38' title='bbox 970 622 1061 654; x_wconf 90' lang='lat' dir='ltr'>sua</span> <span class='ocrx_word' id='word_1_39' title='bbox 1097 607 1326 669; x_wconf 89' lang='lat' dir='ltr'>plaustra</span> <span class='ocrx_word' id='word_1_40' title='bbox 1363 607 1549 656; x_wconf 81' lang='lat' dir='ltr'>bootes,</span> 
     </span>
    </p>

    <p class='ocr_par' dir='ltr' id='par_1_3' title="bbox 59 680 1952 1187">
     <span class='ocr_line' id='line_1_8' title="bbox 59 680 1951 744; baseline 0.001 -16"><span class='ocrx_word' id='word_1_41' title='bbox 59 686 160 734; x_wconf 81' lang='lat'>137</span> <span class='ocrx_word' id='word_1_42' title='bbox 293 680 516 743; x_wconf 85' lang='lat' dir='ltr'>Virginis</span> <span class='ocrx_word' id='word_1_43' title='bbox 557 681 611 728; x_wconf 89' lang='lat' dir='ltr'>at</span> <span class='ocrx_word' id='word_1_44' title='bbox 647 680 873 741; x_wconf 82' lang='lat' dir='ltr'>placidae</span> <span class='ocrx_word' id='word_1_45' title='bbox 912 681 1191 742; x_wconf 76' lang='lat' dir='ltr'>praestanti</span> <span class='ocrx_word' id='word_1_46' title='bbox 1228 681 1417 729; x_wconf 89' lang='lat' dir='ltr'>lumine</span> <span class='ocrx_word' id='word_1_47' title='bbox 1458 682 1624 744; x_wconf 84' lang='lat' dir='ltr'>signat</span> <span class='ocrx_word' id='word_1_48' title='bbox 1885 698 1951 730; x_wconf 82' lang='lat'>140</span> 
     </span>
     <span class='ocr_line' id='line_1_9' title="bbox 184 753 1600 818; baseline 0 -15"><span class='ocrx_word' id='word_1_49' title='bbox 184 755 331 803; x_wconf 87' lang='lat' dir='ltr'>stella</span> <span class='ocrx_word' id='word_1_50' title='bbox 367 769 578 802; x_wconf 87' lang='lat' dir='ltr'>umeros.</span> <span class='ocrx_word' id='word_1_51' title='bbox 653 753 860 802; x_wconf 86' lang='lat' dir='ltr'>Helicen</span> <span class='ocrx_word' id='word_1_52' title='bbox 897 754 1028 817; x_wconf 85' lang='lat' dir='ltr'>ignis</span> <span class='ocrx_word' id='word_1_53' title='bbox 1067 770 1166 801; x_wconf 89' lang='lat' dir='ltr'>non</span> <span class='ocrx_word' id='word_1_54' title='bbox 1205 755 1385 803; x_wconf 87' lang='lat' dir='ltr'>clarior</span> <span class='ocrx_word' id='word_1_55' title='bbox 1423 755 1600 818; x_wconf 87' lang='lat' dir='ltr'>ambit,</span> 
     </span>
     <span class='ocr_line' id='line_1_10' title="bbox 187 827 1728 892; baseline 0.001 -16"><span class='ocrx_word' id='word_1_56' title='bbox 187 829 374 891; x_wconf 90' lang='lat' dir='ltr'>quique</span> <span class='ocrx_word' id='word_1_57' title='bbox 412 828 566 875; x_wconf 87' lang='lat' dir='ltr'>micat</span> <span class='ocrx_word' id='word_1_58' title='bbox 603 827 763 875; x_wconf 88' lang='lat' dir='ltr'>cauda</span> <span class='ocrx_word' id='word_1_59' title='bbox 803 827 990 888; x_wconf 86' lang='lat' dir='ltr'>quique</span> <span class='ocrx_word' id='word_1_60' title='bbox 1029 843 1223 875; x_wconf 88' lang='lat' dir='ltr'>armum</span> <span class='ocrx_word' id='word_1_61' title='bbox 1260 829 1424 892; x_wconf 87' lang='lat' dir='ltr'>fulget</span> <span class='ocrx_word' id='word_1_62' title='bbox 1462 829 1526 876; x_wconf 90' lang='lat' dir='ltr'>ad</span> <span class='ocrx_word' id='word_1_63' title='bbox 1562 829 1728 892; x_wconf 92' lang='lat' dir='ltr'>ipsum</span> 
     </span>
     <span class='ocr_line' id='line_1_11' title="bbox 186 901 1508 967; baseline 0.001 -18"><span class='ocrx_word' id='word_1_64' title='bbox 186 903 372 964; x_wconf 91' lang='lat' dir='ltr'>quique</span> <span class='ocrx_word' id='word_1_65' title='bbox 409 902 576 964; x_wconf 89' lang='lat' dir='ltr'>priora</span> <span class='ocrx_word' id='word_1_66' title='bbox 614 902 752 949; x_wconf 86' lang='lat' dir='ltr'>tenet</span> <span class='ocrx_word' id='word_1_67' title='bbox 789 901 1009 964; x_wconf 85' lang='lat' dir='ltr'>uestigia</span> <span class='ocrx_word' id='word_1_68' title='bbox 1048 901 1234 963; x_wconf 91' lang='lat' dir='ltr'>quique</span> <span class='ocrx_word' id='word_1_69' title='bbox 1274 902 1508 967; x_wconf 83' lang='lat' dir='ltr'>secunda,</span> 
     </span>
     <span class='ocr_line' id='line_1_12' title="bbox 185 975 1423 1036; baseline 0.001 -13"><span class='ocrx_word' id='word_1_70' title='bbox 185 975 413 1024; x_wconf 86' lang='lat' dir='ltr'>clunibus</span> <span class='ocrx_word' id='word_1_71' title='bbox 451 975 660 1023; x_wconf 90' lang='lat' dir='ltr'>hirsutis</span> <span class='ocrx_word' id='word_1_72' title='bbox 700 976 751 1022; x_wconf 85' lang='lat' dir='ltr'>et</span> <span class='ocrx_word' id='word_1_73' title='bbox 790 975 877 1036; x_wconf 94' lang='lat' dir='ltr'>qui</span> <span class='ocrx_word' id='word_1_74' title='bbox 917 990 1009 1022; x_wconf 88' lang='lat' dir='ltr'>sua</span> <span class='ocrx_word' id='word_1_75' title='bbox 1048 975 1210 1023; x_wconf 88' lang='lat' dir='ltr'>sidera</span> <span class='ocrx_word' id='word_1_76' title='bbox 1247 975 1423 1024; x_wconf 87' lang='lat' dir='ltr'>reddit.</span> 
     </span>
     <span class='ocr_line' id='line_1_13' title="bbox 183 1049 1952 1115; baseline 0 -18"><span class='ocrx_word' id='word_1_77' title='bbox 183 1065 399 1112; x_wconf 90' lang='lat' dir='ltr'>namque</span> <span class='ocrx_word' id='word_1_78' title='bbox 439 1049 547 1112; x_wconf 86' lang='lat' dir='ltr'>alii,</span> <span class='ocrx_word' id='word_1_79' title='bbox 588 1049 770 1111; x_wconf 84' lang='lat' dir='ltr'>quibus</span> <span class='ocrx_word' id='word_1_80' title='bbox 810 1049 1037 1111; x_wconf 83' lang='lat' dir='ltr'>expletur</span> <span class='ocrx_word' id='word_1_81' title='bbox 1075 1049 1342 1110; x_wconf 83' lang='lat' dir='ltr'>ceruixque</span> <span class='ocrx_word' id='word_1_82' title='bbox 1382 1052 1655 1115; x_wconf 86' lang='lat' dir='ltr'>caputque,</span> <span class='ocrx_word' id='word_1_83' title='bbox 1887 1065 1952 1098; x_wconf 81' lang='lat'>145</span> 
     </span>
     <span class='ocr_line' id='line_1_14' title="bbox 183 1121 1450 1187; baseline 0 -16"><span class='ocrx_word' id='word_1_84' title='bbox 183 1123 389 1171; x_wconf 89' lang='lat' dir='ltr'>uatibus</span> <span class='ocrx_word' id='word_1_85' title='bbox 427 1123 591 1187; x_wconf 86' lang='lat' dir='ltr'>ignoti</span> <span class='ocrx_word' id='word_1_86' title='bbox 628 1121 804 1184; x_wconf 88' lang='lat' dir='ltr'>priscis</span> <span class='ocrx_word' id='word_1_87' title='bbox 843 1123 947 1172; x_wconf 86' lang='lat' dir='ltr'>sine</span> <span class='ocrx_word' id='word_1_88' title='bbox 985 1123 1168 1171; x_wconf 88' lang='lat' dir='ltr'>honore</span> <span class='ocrx_word' id='word_1_89' title='bbox 1206 1122 1450 1172; x_wconf 88' lang='lat' dir='ltr'>feruntur.</span> 
     </span>
    </p>
   </div>
   <div class='ocr_carea' id='block_1_3' title="bbox 184 1232 537 1237">
    <p class='ocr_par' dir='ltr' id='par_1_4' title="bbox 184 1232 537 1237">
     <span class='ocr_line' id='line_1_15' title="bbox 184 1232 537 1237; baseline 0 0"><span class='ocrx_word' id='word_1_90' title='bbox 184 1232 537 1237; x_wconf 95' lang='lat' dir='ltr'> </span> 
     </span>
    </p>
   </div>
   <div class='ocr_carea' id='block_1_4' title="bbox 171 1277 1874 2697">
    <p class='ocr_par' dir='ltr' id='par_1_5' title="bbox 171 1277 1874 2697">
     <span class='ocr_line' id='line_1_16' title="bbox 303 1277 1865 1337; baseline -0.002 -13"><span class='ocrx_word' id='word_1_91' title='bbox 303 1285 388 1324; x_wconf 85' lang='lat'>134</span> <span class='ocrx_word' id='word_1_92' title='bbox 411 1281 541 1325; x_wconf 88' lang='lat' dir='ltr'>uitiis</span> <span class='ocrx_word' id='word_1_93' title='bbox 562 1283 605 1328; x_wconf 81' lang='grc' dir='ltr'><em>Ο</em></span> <span class='ocrx_word' id='word_1_94' title='bbox 634 1279 787 1337; x_wconf 89' lang='lat' dir='ltr'>(uiciis</span> <span class='ocrx_word' id='word_1_95' title='bbox 813 1279 890 1336; x_wconf 86' lang='lat' dir='ltr'>M)</span> <span class='ocrx_word' id='word_1_96' title='bbox 914 1292 969 1323; x_wconf 75' lang='lat' dir='ltr'>ea:</span> <span class='ocrx_word' id='word_1_97' title='bbox 990 1277 1102 1322; x_wconf 88' lang='lat' dir='ltr'>uitis</span> <span class='ocrx_word' id='word_1_98' title='bbox 1125 1284 1233 1323; x_wconf 80' lang='lat' dir='ltr'>mut.</span> <span class='ocrx_word' id='word_1_99' title='bbox 1253 1279 1296 1322; x_wconf 89' lang='lat' dir='ltr'><strong><em>L</em></strong></span> <span class='ocrx_word' id='word_1_100' title='bbox 1333 1277 1445 1322; x_wconf 86' lang='lat' dir='ltr'>uitis</span> <span class='ocrx_word' id='word_1_101' title='bbox 1476 1279 1579 1323; x_wconf 59' lang='lat' dir='ltr'>Bal</span> <span class='ocrx_word' id='word_1_102' title='bbox 1612 1278 1618 1337; x_wconf 83' lang='grc' dir='ltr'>Ι</span> <span class='ocrx_word' id='word_1_103' title='bbox 1654 1278 1865 1322; x_wconf 84' lang='lat' dir='ltr'>demersa</span> 
     </span>
     <span class='ocr_line' id='line_1_17' title="bbox 183 1337 1864 1396; baseline -0.002 -11"><span class='ocrx_word' id='word_1_104' title='bbox 183 1339 309 1396; x_wconf 67' lang='lat'>005¹)</span> <span class='ocrx_word' id='word_1_105' title='bbox 336 1355 392 1384; x_wconf 73' lang='lat' dir='ltr'>ece</span> <span class='ocrx_word' id='word_1_106' title='bbox 415 1340 627 1385; x_wconf 87' lang='lat' dir='ltr'>dimensa</span> <span class='ocrx_word' id='word_1_107' title='bbox 649 1345 758 1384; x_wconf 77' lang='lat' dir='ltr'>mut.</span> <span class='ocrx_word' id='word_1_108' title='bbox 783 1339 828 1383; x_wconf 88' lang='lat' dir='ltr'><strong><em>L</em></strong></span> <span class='ocrx_word' id='word_1_109' title='bbox 859 1338 1070 1382; x_wconf 87' lang='lat' dir='ltr'>dimensa</span> <span class='ocrx_word' id='word_1_110' title='bbox 1088 1340 1133 1382; x_wconf 91' lang='lat' dir='ltr'><strong><em>Z</em></strong></span> <span class='ocrx_word' id='word_1_111' title='bbox 1140 1339 1188 1395; x_wconf 81' lang='lat' dir='ltr'>(l)</span> <span class='ocrx_word' id='word_1_112' title='bbox 1214 1338 1425 1394; x_wconf 84' lang='lat' dir='ltr'>dispersa</span> <span class='ocrx_word' id='word_1_113' title='bbox 1447 1340 1478 1383; x_wconf 82' lang='lat' dir='ltr'><em>d</em></span> <span class='ocrx_word' id='word_1_114' title='bbox 1510 1337 1710 1381; x_wconf 87' lang='lat' dir='ltr'>diremta</span> <span class='ocrx_word' id='word_1_115' title='bbox 1733 1338 1864 1382; x_wconf 77' lang='lat' dir='ltr'>dubi-</span> 
     </span>
     <span class='ocr_line' id='line_1_18' title="bbox 183 1397 1865 1459; baseline -0.001 -16"><span class='ocrx_word' id='word_1_116' title='bbox 183 1404 334 1444; x_wconf 77' lang='lat' dir='ltr'>tanter</span> <span class='ocrx_word' id='word_1_117' title='bbox 366 1401 394 1459; x_wconf 88' lang='grc' dir='ltr'>β</span> <span class='ocrx_word' id='word_1_118' title='bbox 443 1403 449 1457; x_wconf 90' lang='grc' dir='ltr'>Ι</span> <span class='ocrx_word' id='word_1_119' title='bbox 493 1405 599 1456; x_wconf 81' lang='lat' dir='ltr'>post</span> <span class='ocrx_word' id='word_1_120' title='bbox 627 1414 673 1444; x_wconf 78' lang='lat' dir='ltr'>u.</span> <span class='ocrx_word' id='word_1_121' title='bbox 698 1401 788 1442; x_wconf 89' lang='lat'>134</span> <span class='ocrx_word' id='word_1_122' title='bbox 820 1400 984 1456; x_wconf 72' lang='lat' dir='ltr'>leyitur</span> <span class='ocrx_word' id='word_1_123' title='bbox 1014 1412 1059 1441; x_wconf 76' lang='lat' dir='ltr'>a.</span> <span class='ocrx_word' id='word_1_124' title='bbox 1085 1400 1188 1452; x_wconf 86' lang='lat'><strong><em>143,</em></strong></span> <span class='ocrx_word' id='word_1_125' title='bbox 1220 1400 1298 1454; x_wconf 78' lang='lat' dir='ltr'>qui</span> <span class='ocrx_word' id='word_1_126' title='bbox 1328 1397 1446 1441; x_wconf 83' lang='lat' dir='ltr'>idem</span> <span class='ocrx_word' id='word_1_127' title='bbox 1470 1403 1629 1454; x_wconf 76' lang='lat' dir='ltr'>postea</span> <span class='ocrx_word' id='word_1_128' title='bbox 1658 1410 1739 1441; x_wconf 81' lang='lat' dir='ltr'>suo</span> <span class='ocrx_word' id='word_1_129' title='bbox 1771 1397 1865 1441; x_wconf 83' lang='lat' dir='ltr'>loco</span> 
     </span>
     <span class='ocr_line' id='line_1_19' title="bbox 183 1455 1866 1517; baseline -0.002 -15"><span class='ocrx_word' id='word_1_130' title='bbox 183 1460 423 1503; x_wconf 73' lang='lat' dir='ltr'>inuenitur</span> <span class='ocrx_word' id='word_1_131' title='bbox 446 1461 491 1505; x_wconf 88' lang='grc'>0</span> <span class='ocrx_word' id='word_1_132' title='bbox 513 1461 528 1517; x_wconf 83' lang='grc' dir='ltr'>ΙΙ</span> <span class='ocrx_word' id='word_1_133' title='bbox 554 1463 638 1503; x_wconf 87' lang='lat'>135</span> <span class='ocrx_word' id='word_1_134' title='bbox 671 1458 853 1502; x_wconf 87' lang='lat' dir='ltr'>laetata</span> <span class='ocrx_word' id='word_1_135' title='bbox 882 1456 1075 1500; x_wconf 88' lang='lat' dir='ltr'>metallo</span> <span class='ocrx_word' id='word_1_136' title='bbox 1104 1457 1147 1501; x_wconf 81' lang='lat' dir='ltr'><strong><em>G</em></strong></span> <span class='ocrx_word' id='word_1_137' title='bbox 1186 1456 1315 1501; x_wconf 73' lang='lat' dir='ltr'>laeta</span> <span class='ocrx_word' id='word_1_138' title='bbox 1343 1457 1391 1499; x_wconf 87' lang='lat' dir='ltr'>et</span> <span class='ocrx_word' id='word_1_139' title='bbox 1415 1455 1508 1499; x_wconf 86' lang='lat' dir='ltr'>allo</span> <span class='ocrx_word' id='word_1_140' title='bbox 1533 1457 1578 1499; x_wconf 93' lang='lat' dir='ltr'><em>B</em></span> <span class='ocrx_word' id='word_1_141' title='bbox 1601 1457 1616 1512; x_wconf 82' lang='grc' dir='ltr'>ΙΙ</span> <span class='ocrx_word' id='word_1_142' title='bbox 1642 1459 1725 1498; x_wconf 85' lang='grc'>137</span> <span class='ocrx_word' id='word_1_143' title='bbox 1757 1469 1866 1511; x_wconf 88' lang='lat' dir='ltr'>pro-</span> 
     </span>
     <span class='ocr_line' id='line_1_20' title="bbox 183 1515 1867 1575; baseline -0.001 -14"><span class='ocrx_word' id='word_1_144' title='bbox 183 1530 294 1574; x_wconf 88' lang='lat' dir='ltr'>pere</span> <span class='ocrx_word' id='word_1_145' title='bbox 325 1532 381 1562; x_wconf 77' lang='lat' dir='ltr'>ex</span> <span class='ocrx_word' id='word_1_146' title='bbox 410 1518 598 1575; x_wconf 90' lang='lat' dir='ltr'>proprio</span> <span class='ocrx_word' id='word_1_147' title='bbox 628 1523 735 1562; x_wconf 80' lang='lat' dir='ltr'>mut.</span> <span class='ocrx_word' id='word_1_148' title='bbox 770 1517 814 1560; x_wconf 89' lang='lat' dir='ltr'><strong><em>L</em></strong></span> <span class='ocrx_word' id='word_1_149' title='bbox 873 1515 1059 1572; x_wconf 87' lang='lat' dir='ltr'>proprie</span> <span class='ocrx_word' id='word_1_150' title='bbox 1090 1517 1151 1573; x_wconf 62' lang='grc' dir='ltr'>(ς)</span> <span class='ocrx_word' id='word_1_151' title='bbox 1187 1516 1230 1560; x_wconf 81' lang='lat'><em>0</em></span> <span class='ocrx_word' id='word_1_152' title='bbox 1280 1518 1286 1572; x_wconf 89' lang='grc' dir='ltr'>Ι</span> <span class='ocrx_word' id='word_1_153' title='bbox 1334 1516 1455 1560; x_wconf 81' lang='lat' dir='ltr'>hwnc</span> <span class='ocrx_word' id='word_1_154' title='bbox 1485 1529 1666 1559; x_wconf 78' lang='lat' dir='ltr'>uersum</span> <span class='ocrx_word' id='word_1_155' title='bbox 1697 1516 1867 1559; x_wconf 80' lang='lat' dir='ltr'>adtulit</span> 
     </span>
     <span class='ocr_line' id='line_1_21' title="bbox 183 1572 1866 1633; baseline -0.002 -13"><span class='ocrx_word' id='word_1_156' title='bbox 183 1577 462 1622; x_wconf 76' lang='lat' dir='ltr'>Lactantius</span> <span class='ocrx_word' id='word_1_157' title='bbox 491 1579 645 1622; x_wconf 74' lang='lat' dir='ltr'>Instit.</span> <span class='ocrx_word' id='word_1_158' title='bbox 664 1577 708 1622; x_wconf 91' lang='lat' dir='ltr'><strong><em>V</em></strong></span> <span class='ocrx_word' id='word_1_159' title='bbox 728 1580 755 1621; x_wconf 88' lang='lat'><em>5</em></span> <span class='ocrx_word' id='word_1_160' title='bbox 786 1575 820 1633; x_wconf 65' lang='lat'><em>5</em></span> <span class='ocrx_word' id='word_1_161' title='bbox 845 1579 896 1631; x_wconf 89' lang='lat'>9,</span> <span class='ocrx_word' id='word_1_162' title='bbox 926 1576 1058 1619; x_wconf 81' lang='lat' dir='ltr'>cuius</span> <span class='ocrx_word' id='word_1_163' title='bbox 1088 1576 1258 1619; x_wconf 83' lang='lat' dir='ltr'>codices</span> <span class='ocrx_word' id='word_1_164' title='bbox 1289 1580 1372 1619; x_wconf 80' lang='lat' dir='ltr'>aut</span> <span class='ocrx_word' id='word_1_165' title='bbox 1400 1572 1616 1630; x_wconf 88' lang='lat' dir='ltr'>propriae</span> <span class='ocrx_word' id='word_1_166' title='bbox 1647 1579 1730 1618; x_wconf 82' lang='lat' dir='ltr'>aut</span> <span class='ocrx_word' id='word_1_167' title='bbox 1758 1587 1866 1629; x_wconf 91' lang='lat' dir='ltr'>pro-</span> 
     </span>
     <span class='ocr_line' id='line_1_22' title="bbox 183 1632 1868 1698; baseline -0.001 -20"><span class='ocrx_word' id='word_1_168' title='bbox 183 1634 284 1691; x_wconf 89' lang='lat' dir='ltr'>prie</span> <span class='ocrx_word' id='word_1_169' title='bbox 315 1638 532 1690; x_wconf 77' lang='lat' dir='ltr'>praebent</span> <span class='ocrx_word' id='word_1_170' title='bbox 556 1651 646 1694; x_wconf 77' lang='lat' dir='ltr'>pro</span> <span class='ocrx_word' id='word_1_171' title='bbox 676 1648 873 1692; x_wconf 86' lang='lat' dir='ltr'>propere</span> <span class='ocrx_word' id='word_1_172' title='bbox 903 1635 961 1689; x_wconf 78' lang='lat' dir='ltr'>cf.</span> <span class='ocrx_word' id='word_1_173' title='bbox 986 1634 1201 1678; x_wconf 70' lang='lat' dir='ltr'>Laetam.</span> <span class='ocrx_word' id='word_1_174' title='bbox 1233 1634 1299 1678; x_wconf 82' lang='lat' dir='ltr'>ed.</span> <span class='ocrx_word' id='word_1_175' title='bbox 1333 1632 1377 1678; x_wconf 79' lang='lat' dir='ltr'>S.</span> <span class='ocrx_word' id='word_1_176' title='bbox 1403 1634 1590 1677; x_wconf 77' lang='lat' dir='ltr'>Brandt</span> <span class='ocrx_word' id='word_1_177' title='bbox 1613 1633 1649 1675; x_wconf 91' lang='lat' dir='ltr'><strong><em>I</em></strong></span> <span class='ocrx_word' id='word_1_178' title='bbox 1660 1648 1708 1688; x_wconf 79' lang='lat' dir='ltr'>p.</span> <span class='ocrx_word' id='word_1_179' title='bbox 1733 1635 1822 1676; x_wconf 87' lang='lat'>414</span> <span class='ocrx_word' id='word_1_180' title='bbox 1851 1632 1868 1698; x_wconf 72' lang='lat' dir='ltr'>U</span> 
     </span>
     <span class='ocr_line' id='line_1_23' title="bbox 187 1691 1868 1747; baseline -0.002 -10"><span class='ocrx_word' id='word_1_181' title='bbox 187 1698 272 1738; x_wconf 87' lang='lat'>138</span> <span class='ocrx_word' id='word_1_182' title='bbox 303 1694 365 1738; x_wconf 85' lang='lat' dir='ltr'>Et</span> <span class='ocrx_word' id='word_1_183' title='bbox 395 1695 515 1739; x_wconf 85' lang='lat' dir='ltr'>caeli</span> <span class='ocrx_word' id='word_1_184' title='bbox 546 1694 712 1739; x_wconf 80' lang='lat' dir='ltr'>sortita</span> <span class='ocrx_word' id='word_1_185' title='bbox 738 1695 782 1739; x_wconf 79' lang='grc' dir='ltr'><em>Ο</em></span> <span class='ocrx_word' id='word_1_186' title='bbox 815 1692 1030 1737; x_wconf 84' lang='lat' dir='ltr'>sortitum</span> <span class='ocrx_word' id='word_1_187' title='bbox 1055 1694 1101 1736; x_wconf 91' lang='lat' dir='ltr'><em>B</em></span> <span class='ocrx_word' id='word_1_188' title='bbox 1138 1691 1225 1735; x_wconf 90' lang='lat' dir='ltr'>Em</span> <span class='ocrx_word' id='word_1_189' title='bbox 1257 1692 1377 1736; x_wconf 87' lang='lat' dir='ltr'>caeli</span> <span class='ocrx_word' id='word_1_190' title='bbox 1401 1691 1566 1735; x_wconf 85' lang='lat' dir='ltr'>sortita</span> <span class='ocrx_word' id='word_1_191' title='bbox 1597 1708 1624 1747; x_wconf 79' lang='grc' dir='ltr'>γ</span> <span class='ocrx_word' id='word_1_192' title='bbox 1663 1691 1725 1735; x_wconf 85' lang='lat' dir='ltr'>Et</span> <span class='ocrx_word' id='word_1_193' title='bbox 1748 1691 1868 1734; x_wconf 83' lang='lat' dir='ltr'>caeli</span> 
     </span>
     <span class='ocr_line' id='line_1_24' title="bbox 186 1749 1866 1809; baseline -0.002 -13"><span class='ocrx_word' id='word_1_194' title='bbox 186 1755 258 1797; x_wconf 86' lang='lat' dir='ltr'>est</span> <span class='ocrx_word' id='word_1_195' title='bbox 282 1754 447 1798; x_wconf 86' lang='lat' dir='ltr'>sortita</span> <span class='ocrx_word' id='word_1_196' title='bbox 471 1769 497 1800; x_wconf 92' lang='grc' dir='ltr'><em>ο</em></span> <span class='ocrx_word' id='word_1_197' title='bbox 541 1755 675 1798; x_wconf 89' lang='lat' dir='ltr'>Hunc</span> <span class='ocrx_word' id='word_1_198' title='bbox 707 1752 826 1797; x_wconf 90' lang='lat' dir='ltr'>caeli</span> <span class='ocrx_word' id='word_1_199' title='bbox 857 1751 1024 1796; x_wconf 85' lang='lat' dir='ltr'>sortita</span> <span class='ocrx_word' id='word_1_200' title='bbox 1056 1753 1083 1809; x_wconf 88' lang='grc' dir='ltr'><strong><em>β</em></strong></span> <span class='ocrx_word' id='word_1_201' title='bbox 1114 1753 1171 1805; x_wconf 80' lang='lat' dir='ltr'>cf.</span> <span class='ocrx_word' id='word_1_202' title='bbox 1203 1752 1247 1806; x_wconf 80' lang='lat' dir='ltr'>fs</span> <span class='ocrx_word' id='word_1_203' title='bbox 1280 1766 1329 1808; x_wconf 74' lang='lat' dir='ltr'>p.</span> <span class='ocrx_word' id='word_1_204' title='bbox 1349 1754 1380 1794; x_wconf 87' lang='grc'><em>8</em></span> <span class='ocrx_word' id='word_1_205' title='bbox 1413 1752 1473 1807; x_wconf 73' lang='lat' dir='ltr'>(n.</span> <span class='ocrx_word' id='word_1_206' title='bbox 1498 1753 1572 1808; x_wconf 82' lang='lat'>15)</span> <span class='ocrx_word' id='word_1_207' title='bbox 1598 1752 1612 1808; x_wconf 88' lang='grc' dir='ltr'>ΙΙ</span> <span class='ocrx_word' id='word_1_208' title='bbox 1638 1755 1720 1794; x_wconf 88' lang='grc'>139</span> <span class='ocrx_word' id='word_1_209' title='bbox 1755 1749 1866 1793; x_wconf 84' lang='grc' dir='ltr'><strong>Τ31·-</strong></span> 
     </span>
     <span class='ocr_line' id='line_1_25' title="bbox 186 1810 1867 1870; baseline -0.001 -15"><span class='ocrx_word' id='word_1_210' title='bbox 186 1812 272 1855; x_wconf 89' lang='lat' dir='ltr'>dus</span> <span class='ocrx_word' id='word_1_211' title='bbox 296 1812 346 1855; x_wconf 90' lang='lat' dir='ltr'>in</span> <span class='ocrx_word' id='word_1_212' title='bbox 364 1815 409 1859; x_wconf 80' lang='lat' dir='ltr'><strong><em>G</em></strong></span> <span class='ocrx_word' id='word_1_213' title='bbox 440 1813 638 1857; x_wconf 84' lang='lat' dir='ltr'>Tardius</span> <span class='ocrx_word' id='word_1_214' title='bbox 668 1812 719 1855; x_wconf 89' lang='lat' dir='ltr'>in</span> <span class='ocrx_word' id='word_1_215' title='bbox 741 1813 785 1855; x_wconf 92' lang='lat' dir='ltr'><em>B</em></span> <span class='ocrx_word' id='word_1_216' title='bbox 813 1813 820 1870; x_wconf 88' lang='grc' dir='ltr'>Ι</span> <span class='ocrx_word' id='word_1_217' title='bbox 848 1824 1016 1855; x_wconf 87' lang='lat' dir='ltr'>occasu</span> <span class='ocrx_word' id='word_1_218' title='bbox 1043 1810 1216 1866; x_wconf 80' lang='lat' dir='ltr'><em>G(VS)</em></span> <span class='ocrx_word' id='word_1_219' title='bbox 1251 1824 1466 1854; x_wconf 88' lang='lat' dir='ltr'>occasum</span> <span class='ocrx_word' id='word_1_220' title='bbox 1491 1822 1518 1857; x_wconf 84' lang='grc' dir='ltr'><strong><em>ς</em></strong></span> <span class='ocrx_word' id='word_1_221' title='bbox 1632 1814 1717 1852; x_wconf 91' lang='grc'>140</span> <span class='ocrx_word' id='word_1_222' title='bbox 1749 1811 1800 1853; x_wconf 86' lang='lat' dir='ltr'>at</span> <span class='ocrx_word' id='word_1_223' title='bbox 1823 1811 1867 1854; x_wconf 91' lang='grc'><strong>0</strong></span> 
     </span>
     <span class='ocr_line' id='line_1_26' title="bbox 186 1868 1863 1931; baseline -0.001 -17"><span class='ocrx_word' id='word_1_224' title='bbox 186 1871 248 1914; x_wconf 87' lang='lat' dir='ltr'>ad</span> <span class='ocrx_word' id='word_1_225' title='bbox 273 1874 319 1916; x_wconf 93' lang='lat' dir='ltr'><em>Z</em></span> <span class='ocrx_word' id='word_1_226' title='bbox 327 1872 374 1915; x_wconf 93' lang='lat' dir='ltr'><em>B</em></span> <span class='ocrx_word' id='word_1_227' title='bbox 400 1874 406 1927; x_wconf 76' lang='grc' dir='ltr'>Ι</span> <span class='ocrx_word' id='word_1_228' title='bbox 441 1870 738 1931; x_wconf 86' lang='lat' dir='ltr'>pr(a)estanti</span> <span class='ocrx_word' id='word_1_229' title='bbox 767 1872 813 1916; x_wconf 86' lang='lat'>0</span> <span class='ocrx_word' id='word_1_230' title='bbox 842 1870 1223 1927; x_wconf 83' lang='lat' dir='ltr'>pr(a)estanti(e)s</span> <span class='ocrx_word' id='word_1_231' title='bbox 1243 1873 1288 1914; x_wconf 94' lang='lat' dir='ltr'><em>Z</em></span> <span class='ocrx_word' id='word_1_232' title='bbox 1308 1871 1323 1927; x_wconf 82' lang='grc'>11</span> <span class='ocrx_word' id='word_1_233' title='bbox 1349 1874 1431 1912; x_wconf 90' lang='grc'><strong>141</strong></span> <span class='ocrx_word' id='word_1_234' title='bbox 1463 1884 1559 1913; x_wconf 89' lang='lat' dir='ltr'>non</span> <span class='ocrx_word' id='word_1_235' title='bbox 1592 1870 1636 1914; x_wconf 80' lang='lat' dir='ltr'><strong><em>G</em></strong></span> <span class='ocrx_word' id='word_1_236' title='bbox 1658 1883 1777 1913; x_wconf 69' lang='lat' dir='ltr'>nunc</span> <span class='ocrx_word' id='word_1_237' title='bbox 1797 1868 1863 1927; x_wconf 77' lang='lat' dir='ltr'>Pl</span> 
     </span>
     <span class='ocr_line' id='line_1_27' title="bbox 190 1926 1865 1989; baseline -0.003 -13"><span class='ocrx_word' id='word_1_238' title='bbox 190 1930 488 1976; x_wconf 73' lang='lat' dir='ltr'>Germanicus</span> <span class='ocrx_word' id='word_1_239' title='bbox 518 1933 645 1989; x_wconf 78' lang='lat' dir='ltr'>apud</span> <span class='ocrx_word' id='word_1_240' title='bbox 675 1931 875 1975; x_wconf 80' lang='lat' dir='ltr'>Aratum</span> <span class='ocrx_word' id='word_1_241' title='bbox 913 1931 967 1974; x_wconf 84' lang='lat' dir='ltr'>de</span> <span class='ocrx_word' id='word_1_242' title='bbox 999 1926 1454 1986; x_wconf 69' lang='lat' dir='ltr'>praeuindemiatore}</span> <span class='ocrx_word' id='word_1_243' title='bbox 1483 1930 1603 1973; x_wconf 70' lang='lat' dir='ltr'><em>nihil</em></span> <span class='ocrx_word' id='word_1_244' title='bbox 1642 1929 1748 1986; x_wconf 74' lang='lat' dir='ltr'>leyit</span> <span class='ocrx_word' id='word_1_245' title='bbox 1787 1929 1865 1982; x_wconf 80' lang='lat' dir='ltr'>(ef.</span> 
     </span>
     <span class='ocr_line' id='line_1_28' title="bbox 171 1986 1869 2048; baseline -0.002 -14"><span class='ocrx_word' id='word_1_246' title='bbox 171 1990 348 2047; x_wconf 36' lang='lat' dir='ltr'>,Maass</span> <span class='ocrx_word' id='word_1_247' title='bbox 371 2006 422 2047; x_wconf 76' lang='lat' dir='ltr'>p.</span> <span class='ocrx_word' id='word_1_248' title='bbox 449 1994 527 2046; x_wconf 91' lang='lat'>11)</span> <span class='ocrx_word' id='word_1_249' title='bbox 567 1993 583 2048; x_wconf 86' lang='grc' dir='ltr'>ΙΙ</span> <span class='ocrx_word' id='word_1_250' title='bbox 623 1994 707 2033; x_wconf 83' lang='grc'>142</span> <span class='ocrx_word' id='word_1_251' title='bbox 741 1988 922 2045; x_wconf 87' lang='lat' dir='ltr'>Quique</span> <span class='ocrx_word' id='word_1_252' title='bbox 945 1989 991 2033; x_wconf 85' lang='lat'>0</span> <span class='ocrx_word' id='word_1_253' title='bbox 1045 1987 1258 2043; x_wconf 83' lang='lat' dir='ltr'>Quidque</span> <span class='ocrx_word' id='word_1_254' title='bbox 1291 1987 1549 2045; x_wconf 84' lang='lat' dir='ltr'>(Quodque)</span> <span class='ocrx_word' id='word_1_255' title='bbox 1583 1989 1628 2031; x_wconf 93' lang='lat' dir='ltr'><em>Z</em></span> <span class='ocrx_word' id='word_1_256' title='bbox 1662 1989 1668 2043; x_wconf 83' lang='grc' dir='ltr'>Ι</span> <span class='ocrx_word' id='word_1_257' title='bbox 1726 1986 1869 2030; x_wconf 86' lang='lat' dir='ltr'>micat</span> 
     </span>
     <span class='ocr_line' id='line_1_29' title="bbox 187 2044 1869 2106; baseline -0.001 -14"><span class='ocrx_word' id='word_1_258' title='bbox 187 2049 338 2092; x_wconf 87' lang='lat' dir='ltr'>cauda</span> <span class='ocrx_word' id='word_1_259' title='bbox 372 2051 416 2095; x_wconf 78' lang='grc' dir='ltr'><em>Ο</em></span> <span class='ocrx_word' id='word_1_260' title='bbox 454 2052 606 2094; x_wconf 83' lang='lat' dir='ltr'>cauda</span> <span class='ocrx_word' id='word_1_261' title='bbox 636 2049 781 2092; x_wconf 88' lang='lat' dir='ltr'>micat</span> <span class='ocrx_word' id='word_1_262' title='bbox 810 2049 857 2092; x_wconf 89' lang='lat' dir='ltr'><strong><em>P</em></strong></span> <span class='ocrx_word' id='word_1_263' title='bbox 900 2050 907 2106; x_wconf 76' lang='grc'>1</span> <span class='ocrx_word' id='word_1_264' title='bbox 942 2046 1122 2103; x_wconf 88' lang='lat' dir='ltr'>Quique</span> <span class='ocrx_word' id='word_1_265' title='bbox 1154 2049 1199 2092; x_wconf 91' lang='grc'><strong>0</strong></span> <span class='ocrx_word' id='word_1_266' title='bbox 1245 2046 1456 2102; x_wconf 90' lang='lat' dir='ltr'>Quidque</span> <span class='ocrx_word' id='word_1_267' title='bbox 1488 2046 1747 2103; x_wconf 86' lang='lat' dir='ltr'>(Quodque)</span> <span class='ocrx_word' id='word_1_268' title='bbox 1781 2048 1826 2090; x_wconf 91' lang='lat' dir='ltr'><em>Z</em></span> <span class='ocrx_word' id='word_1_269' title='bbox 1852 2044 1869 2104; x_wconf 80' lang='grc' dir='ltr'>Η</span> 
     </span>
     <span class='ocr_line' id='line_1_30' title="bbox 187 2103 1868 2166; baseline -0.002 -15"><span class='ocrx_word' id='word_1_270' title='bbox 187 2112 272 2151; x_wconf 89' lang='grc'>143</span> <span class='ocrx_word' id='word_1_271' title='bbox 290 2123 372 2153; x_wconf 87' lang='lat' dir='ltr'>om.</span> <span class='ocrx_word' id='word_1_272' title='bbox 393 2112 439 2153; x_wconf 92' lang='lat' dir='ltr'><strong><em>Z</em></strong></span> <span class='ocrx_word' id='word_1_273' title='bbox 474 2108 653 2165; x_wconf 89' lang='lat' dir='ltr'>Quique</span> <span class='ocrx_word' id='word_1_274' title='bbox 677 2109 830 2166; x_wconf 75' lang='lat' dir='ltr'>(antea</span> <span class='ocrx_word' id='word_1_275' title='bbox 846 2113 952 2164; x_wconf 76' lang='lat' dir='ltr'>post</span> <span class='ocrx_word' id='word_1_276' title='bbox 981 2121 1027 2151; x_wconf 76' lang='lat' dir='ltr'>u.</span> <span class='ocrx_word' id='word_1_277' title='bbox 1052 2110 1142 2151; x_wconf 92' lang='lat'>134</span> <span class='ocrx_word' id='word_1_278' title='bbox 1174 2105 1410 2163; x_wconf 84' lang='lat' dir='ltr'>Quisquis)</span> <span class='ocrx_word' id='word_1_279' title='bbox 1427 2106 1527 2150; x_wconf 83' lang='lat' dir='ltr'>AB</span> <span class='ocrx_word' id='word_1_280' title='bbox 1557 2107 1710 2162; x_wconf 76' lang='lat' dir='ltr'>(antea</span> <span class='ocrx_word' id='word_1_281' title='bbox 1735 2103 1868 2157; x_wconf 88' lang='lat' dir='ltr'>Quis-</span> 
     </span>
     <span class='ocr_line' id='line_1_31' title="bbox 187 2164 1874 2225; baseline -0.002 -14"><span class='ocrx_word' id='word_1_282' title='bbox 187 2169 294 2225; x_wconf 91' lang='lat' dir='ltr'>que)</span> <span class='ocrx_word' id='word_1_283' title='bbox 319 2168 382 2211; x_wconf 88' lang='lat' dir='ltr'><em>M</em></span> <span class='ocrx_word' id='word_1_284' title='bbox 421 2167 579 2223; x_wconf 88' lang='lat' dir='ltr'>Quisq.</span> <span class='ocrx_word' id='word_1_285' title='bbox 604 2173 792 2225; x_wconf 79' lang='lat' dir='ltr'>utroque</span> <span class='ocrx_word' id='word_1_286' title='bbox 824 2169 919 2211; x_wconf 82' lang='lat' dir='ltr'>loco</span> <span class='ocrx_word' id='word_1_287' title='bbox 937 2166 1013 2222; x_wconf 91' lang='grc' dir='ltr'>ΡΙ</span> <span class='ocrx_word' id='word_1_288' title='bbox 1047 2165 1204 2222; x_wconf 87' lang='lat' dir='ltr'>priora</span> <span class='ocrx_word' id='word_1_289' title='bbox 1235 2171 1369 2210; x_wconf 80' lang='lat' dir='ltr'>antea</span> <span class='ocrx_word' id='word_1_290' title='bbox 1394 2165 1440 2209; x_wconf 79' lang='lat' dir='ltr'><strong><em>A</em></strong></span> <span class='ocrx_word' id='word_1_291' title='bbox 1481 2170 1669 2221; x_wconf 77' lang='lat' dir='ltr'>utroque</span> <span class='ocrx_word' id='word_1_292' title='bbox 1701 2165 1795 2208; x_wconf 85' lang='lat' dir='ltr'>loco</span> <span class='ocrx_word' id='word_1_293' title='bbox 1827 2164 1874 2207; x_wconf 90' lang='lat' dir='ltr'><em>P</em></span> 
     </span>
     <span class='ocr_line' id='line_1_32' title="bbox 186 2222 1864 2283; baseline -0.001 -15"><span class='ocrx_word' id='word_1_294' title='bbox 186 2225 313 2282; x_wconf 87' lang='lat' dir='ltr'>prior</span> <span class='ocrx_word' id='word_1_295' title='bbox 329 2233 489 2283; x_wconf 76' lang='lat' dir='ltr'>postea</span> <span class='ocrx_word' id='word_1_296' title='bbox 506 2227 679 2272; x_wconf 84' lang='lat' dir='ltr'>ABM</span> <span class='ocrx_word' id='word_1_297' title='bbox 698 2231 704 2281; x_wconf 83' lang='grc' dir='ltr'>Ι</span> <span class='ocrx_word' id='word_1_298' title='bbox 732 2225 904 2282; x_wconf 83' lang='grc'><strong>(1111(1113</strong></span> <span class='ocrx_word' id='word_1_299' title='bbox 922 2225 1093 2270; x_wconf 85' lang='grc' dir='ltr'>ΑΒΜ</span> <span class='ocrx_word' id='word_1_300' title='bbox 1119 2224 1323 2280; x_wconf 90' lang='lat' dir='ltr'>quinque</span> <span class='ocrx_word' id='word_1_301' title='bbox 1347 2230 1483 2269; x_wconf 73' lang='lat' dir='ltr'>antea</span> <span class='ocrx_word' id='word_1_302' title='bbox 1497 2224 1598 2268; x_wconf 86' lang='lat' dir='ltr'>AB</span> <span class='ocrx_word' id='word_1_303' title='bbox 1630 2222 1779 2279; x_wconf 88' lang='lat' dir='ltr'>quisq.</span> <span class='ocrx_word' id='word_1_304' title='bbox 1797 2222 1864 2281; x_wconf 88' lang='grc' dir='ltr'>ΡΙ</span> 
     </span>
     <span class='ocr_line' id='line_1_33' title="bbox 186 2281 1870 2343; baseline -0.002 -14"><span class='ocrx_word' id='word_1_305' title='bbox 186 2300 232 2330; x_wconf 81' lang='lat' dir='ltr'>u.</span> <span class='ocrx_word' id='word_1_306' title='bbox 259 2289 348 2330; x_wconf 88' lang='lat'>143</span> <span class='ocrx_word' id='word_1_307' title='bbox 377 2288 726 2343; x_wconf 70' lang='lat' dir='ltr'>suppositicium</span> <span class='ocrx_word' id='word_1_308' title='bbox 756 2300 843 2330; x_wconf 83' lang='lat' dir='ltr'>esse</span> <span class='ocrx_word' id='word_1_309' title='bbox 873 2287 970 2329; x_wconf 75' lang='lat' dir='ltr'>sine</span> <span class='ocrx_word' id='word_1_310' title='bbox 1001 2298 1141 2329; x_wconf 80' lang='lat' dir='ltr'>causa</span> <span class='ocrx_word' id='word_1_311' title='bbox 1179 2286 1439 2340; x_wconf 79' lang='lat' dir='ltr'>suspicatus</span> <span class='ocrx_word' id='word_1_312' title='bbox 1461 2289 1524 2327; x_wconf 82' lang='lat' dir='ltr'>est</span> <span class='ocrx_word' id='word_1_313' title='bbox 1553 2284 1581 2338; x_wconf 83' lang='lat' dir='ltr'><em>f</em></span> <span class='ocrx_word' id='word_1_314' title='bbox 1587 2282 1610 2305; x_wconf 80' lang='lat'>*</span> <span class='ocrx_word' id='word_1_315' title='bbox 1634 2297 1683 2339; x_wconf 78' lang='lat' dir='ltr'>p.</span> <span class='ocrx_word' id='word_1_316' title='bbox 1706 2283 1827 2325; x_wconf 88' lang='lat' dir='ltr'>XII</span> <span class='ocrx_word' id='word_1_317' title='bbox 1854 2281 1870 2340; x_wconf 83' lang='grc' dir='ltr'>ΙΙ</span> 
     </span>
     <span class='ocr_line' id='line_1_34' title="bbox 190 2340 1869 2399; baseline -0.002 -12"><span class='ocrx_word' id='word_1_318' title='bbox 190 2349 275 2387; x_wconf 90' lang='grc'>144</span> <span class='ocrx_word' id='word_1_319' title='bbox 306 2345 528 2389; x_wconf 87' lang='lat' dir='ltr'>Clunibus</span> <span class='ocrx_word' id='word_1_320' title='bbox 557 2347 600 2391; x_wconf 80' lang='lat' dir='ltr'><strong><em>G</em></strong></span> <span class='ocrx_word' id='word_1_321' title='bbox 633 2344 862 2388; x_wconf 85' lang='lat' dir='ltr'>Glunibus</span> <span class='ocrx_word' id='word_1_322' title='bbox 887 2345 933 2387; x_wconf 89' lang='lat' dir='ltr'><strong><em>P</em></strong></span> <span class='ocrx_word' id='word_1_323' title='bbox 956 2347 961 2399; x_wconf 89' lang='grc'>1</span> <span class='ocrx_word' id='word_1_324' title='bbox 990 2343 1071 2399; x_wconf 87' lang='grc'><strong>(1111</strong></span> <span class='ocrx_word' id='word_1_325' title='bbox 1093 2345 1138 2388; x_wconf 89' lang='grc' dir='ltr'><em>Ο</em></span> <span class='ocrx_word' id='word_1_326' title='bbox 1169 2357 1263 2399; x_wconf 87' lang='lat' dir='ltr'>qua</span> <span class='ocrx_word' id='word_1_327' title='bbox 1288 2345 1333 2387; x_wconf 92' lang='lat' dir='ltr'><em>Z</em></span> <span class='ocrx_word' id='word_1_328' title='bbox 1353 2345 1368 2399; x_wconf 82' lang='grc' dir='ltr'>ΙΙ</span> <span class='ocrx_word' id='word_1_329' title='bbox 1394 2346 1478 2386; x_wconf 82' lang='grc'>145</span> <span class='ocrx_word' id='word_1_330' title='bbox 1503 2341 1586 2384; x_wconf 87' lang='grc'><strong>3111</strong></span> <span class='ocrx_word' id='word_1_331' title='bbox 1609 2358 1635 2398; x_wconf 77' lang='grc' dir='ltr'><em>γ</em></span> <span class='ocrx_word' id='word_1_332' title='bbox 1659 2356 1717 2386; x_wconf 84' lang='lat' dir='ltr'>se.</span> <span class='ocrx_word' id='word_1_333' title='bbox 1735 2340 1869 2397; x_wconf 73' lang='lat' dir='ltr'>ignes</span> 
     </span>
     <span class='ocr_line' id='line_1_35' title="bbox 187 2400 1869 2461; baseline -0.004 -13"><span class='ocrx_word' id='word_1_334' title='bbox 187 2405 246 2458; x_wconf 82' lang='lat' dir='ltr'>cf.</span> <span class='ocrx_word' id='word_1_335' title='bbox 262 2418 308 2448; x_wconf 83' lang='lat' dir='ltr'>u.</span> <span class='ocrx_word' id='word_1_336' title='bbox 326 2408 574 2448; x_wconf 84' lang='lat'><strong><em>141—144.</em></strong></span> <span class='ocrx_word' id='word_1_337' title='bbox 593 2407 684 2448; x_wconf 86' lang='lat'>146</span> <span class='ocrx_word' id='word_1_338' title='bbox 714 2404 869 2461; x_wconf 80' lang='lat' dir='ltr'>ali(a)e</span> <span class='ocrx_word' id='word_1_339' title='bbox 890 2405 998 2460; x_wconf 57' lang='lat'>003)</span> <span class='ocrx_word' id='word_1_340' title='bbox 1031 2402 1168 2446; x_wconf 83' lang='lat' dir='ltr'>alia-e</span> <span class='ocrx_word' id='word_1_341' title='bbox 1186 2403 1232 2446; x_wconf 93' lang='lat' dir='ltr'><strong><em>P</em></strong></span> <span class='ocrx_word' id='word_1_342' title='bbox 1267 2401 1378 2445; x_wconf 86' lang='lat' dir='ltr'>aliei</span> <span class='ocrx_word' id='word_1_343' title='bbox 1403 2403 1429 2460; x_wconf 87' lang='grc' dir='ltr'><strong><em>β</em></strong></span> <span class='ocrx_word' id='word_1_344' title='bbox 1457 2403 1463 2459; x_wconf 84' lang='grc' dir='ltr'>Ι</span> <span class='ocrx_word' id='word_1_345' title='bbox 1492 2400 1703 2457; x_wconf 85' lang='lat' dir='ltr'>expletur</span> <span class='ocrx_word' id='word_1_346' title='bbox 1720 2402 1766 2444; x_wconf 93' lang='lat' dir='ltr'><em>Z</em></span> <span class='ocrx_word' id='word_1_347' title='bbox 1794 2413 1869 2443; x_wconf 84' lang='lat' dir='ltr'>ex-</span> 
     </span>
     <span class='ocr_line' id='line_1_36' title="bbox 189 2457 1870 2520; baseline -0.002 -15"><span class='ocrx_word' id='word_1_348' title='bbox 189 2462 370 2518; x_wconf 89' lang='lat' dir='ltr'>pletum</span> <span class='ocrx_word' id='word_1_349' title='bbox 392 2465 437 2508; x_wconf 89' lang='lat'>0</span> <span class='ocrx_word' id='word_1_350' title='bbox 468 2467 540 2507; x_wconf 85' lang='lat' dir='ltr'>est</span> <span class='ocrx_word' id='word_1_351' title='bbox 569 2463 758 2519; x_wconf 88' lang='lat' dir='ltr'>plenum</span> <span class='ocrx_word' id='word_1_352' title='bbox 784 2464 1031 2507; x_wconf 75' lang='lat' dir='ltr'>Burmann</span> <span class='ocrx_word' id='word_1_353' title='bbox 1058 2462 1064 2520; x_wconf 88' lang='grc' dir='ltr'>Ι</span> <span class='ocrx_word' id='word_1_354' title='bbox 1093 2461 1341 2517; x_wconf 83' lang='lat' dir='ltr'>ceruixque</span> <span class='ocrx_word' id='word_1_355' title='bbox 1369 2462 1413 2506; x_wconf 78' lang='grc' dir='ltr'><em>Ο</em></span> <span class='ocrx_word' id='word_1_356' title='bbox 1437 2460 1594 2504; x_wconf 87' lang='lat' dir='ltr'>ceruix</span> <span class='ocrx_word' id='word_1_357' title='bbox 1617 2460 1663 2503; x_wconf 94' lang='lat' dir='ltr'><strong><em>P</em></strong></span> <span class='ocrx_word' id='word_1_358' title='bbox 1685 2461 1692 2516; x_wconf 85' lang='grc' dir='ltr'>Ι</span> <span class='ocrx_word' id='word_1_359' title='bbox 1718 2457 1870 2515; x_wconf 83' lang='lat' dir='ltr'>ignoti</span> 
     </span>
     <span class='ocr_line' id='line_1_37' title="bbox 190 2520 1870 2581; baseline -0.001 -18"><span class='ocrx_word' id='word_1_360' title='bbox 190 2521 367 2581; x_wconf 68' lang='lat' dir='ltr'>(ignote</span> <span class='ocrx_word' id='word_1_361' title='bbox 391 2523 462 2566; x_wconf 63' lang='grc' dir='ltr'>Βἰ</span> <span class='ocrx_word' id='word_1_362' title='bbox 483 2537 538 2567; x_wconf 82' lang='lat' dir='ltr'>m.</span> <span class='ocrx_word' id='word_1_363' title='bbox 555 2524 604 2579; x_wconf 78' lang='lat'>2)</span> <span class='ocrx_word' id='word_1_364' title='bbox 629 2524 706 2575; x_wconf 82' lang='grc' dir='ltr'>Ζγ</span> <span class='ocrx_word' id='word_1_365' title='bbox 749 2521 924 2577; x_wconf 88' lang='lat' dir='ltr'>ignotis</span> <span class='ocrx_word' id='word_1_366' title='bbox 950 2523 1032 2569; x_wconf 87' lang='grc' dir='ltr'>Ος</span> <span class='ocrx_word' id='word_1_367' title='bbox 1065 2523 1080 2578; x_wconf 79' lang='lat' dir='ltr'>ll</span> <span class='ocrx_word' id='word_1_368' title='bbox 1100 2521 1158 2567; x_wconf 56' lang='lat' dir='ltr'>fu.</span> <span class='ocrx_word' id='word_1_369' title='bbox 1183 2524 1274 2565; x_wconf 88' lang='grc'>146</span> <span class='ocrx_word' id='word_1_370' title='bbox 1302 2522 1466 2576; x_wconf 75' lang='lat' dir='ltr'>finitur</span> <span class='ocrx_word' id='word_1_371' title='bbox 1489 2521 1534 2564; x_wconf 91' lang='lat' dir='ltr'><strong><em>B</em></strong></span> <span class='ocrx_word' id='word_1_372' title='bbox 1562 2523 1568 2574; x_wconf 86' lang='grc' dir='ltr'>Ι</span> <span class='ocrx_word' id='word_1_373' title='bbox 1588 2524 1695 2576; x_wconf 74' lang='lat' dir='ltr'>post</span> <span class='ocrx_word' id='word_1_374' title='bbox 1716 2532 1762 2562; x_wconf 80' lang='lat' dir='ltr'>u.</span> <span class='ocrx_word' id='word_1_375' title='bbox 1779 2520 1870 2562; x_wconf 82' lang='lat'>146</span> 
     </span>
     <span class='ocr_line' id='line_1_38' title="bbox 190 2578 1867 2638; baseline -0.002 -13"><span class='ocrx_word' id='word_1_376' title='bbox 190 2583 403 2638; x_wconf 73' lang='lat' dir='ltr'>leyuntur</span> <span class='ocrx_word' id='word_1_377' title='bbox 430 2582 539 2626; x_wconf 84' lang='lat' dir='ltr'>haec</span> <span class='ocrx_word' id='word_1_378' title='bbox 574 2583 628 2625; x_wconf 73' lang='lat' dir='ltr'>in</span> <span class='ocrx_word' id='word_1_379' title='bbox 663 2583 709 2625; x_wconf 90' lang='lat' dir='ltr'><strong><em>Z</em></strong></span> <span class='ocrx_word' id='word_1_380' title='bbox 753 2582 988 2636; x_wconf 74' lang='lat' dir='ltr'>(lectiones</span> <span class='ocrx_word' id='word_1_381' title='bbox 1025 2586 1135 2624; x_wconf 75' lang='lat' dir='ltr'>sunt</span> <span class='ocrx_word' id='word_1_382' title='bbox 1180 2580 1348 2625; x_wconf 81' lang='lat' dir='ltr'>codicis</span> <span class='ocrx_word' id='word_1_383' title='bbox 1378 2578 1456 2622; x_wconf 80' lang='lat' dir='ltr'>Bb</span> <span class='ocrx_word' id='word_1_384' title='bbox 1495 2579 1550 2634; x_wconf 79' lang='lat' dir='ltr'>ef.</span> <span class='ocrx_word' id='word_1_385' title='bbox 1583 2578 1750 2622; x_wconf 75' lang='lat' dir='ltr'>Auien.</span> <span class='ocrx_word' id='word_1_386' title='bbox 1782 2591 1867 2621; x_wconf 86' lang='lat' dir='ltr'>rec.</span> 
     </span>
     <span class='ocr_line' id='line_1_39' title="bbox 190 2640 669 2697; baseline -0.002 -13"><span class='ocrx_word' id='word_1_387' title='bbox 190 2641 366 2685; x_wconf 82' lang='lat' dir='ltr'>Holder</span> <span class='ocrx_word' id='word_1_388' title='bbox 388 2655 438 2697; x_wconf 74' lang='lat' dir='ltr'>p.</span> <span class='ocrx_word' id='word_1_389' title='bbox 464 2640 669 2695; x_wconf 83' lang='lat' dir='ltr'>XIIII).-</span> 
     </span>
    </p>
   </div>
   <div class='ocr_carea' id='block_1_5' title="bbox 188 2708 1923 2830">
    <p class='ocr_par' dir='ltr' id='par_1_6' title="bbox 188 2708 1923 2830">
     <span class='ocr_line' id='line_1_40' title="bbox 188 2708 1923 2764; baseline -0.005 -5"><span class='ocrx_word' id='word_1_390' title='bbox 188 2713 272 2758; x_wconf 85' lang='lat' dir='ltr'>AD</span> <span class='ocrx_word' id='word_1_391' title='bbox 306 2713 534 2759; x_wconf 87' lang='lat' dir='ltr'>CAPITIS</span> <span class='ocrx_word' id='word_1_392' title='bbox 567 2712 887 2758; x_wconf 79' lang='lat' dir='ltr'><strong>SVBERVNT</strong></span> <span class='ocrx_word' id='word_1_393' title='bbox 918 2712 1141 2758; x_wconf 85' lang='lat' dir='ltr'>GEMINI</span> <span class='ocrx_word' id='word_1_394' title='bbox 1171 2710 1540 2764; x_wconf 87' lang='lat' dir='ltr'>PROLEMQVE</span> <span class='ocrx_word' id='word_1_395' title='bbox 1565 2708 1868 2754; x_wconf 87' lang='lat' dir='ltr'>TONANTIS</span> <span class='ocrx_word' id='word_1_396' title='bbox 1904 2720 1923 2750; x_wconf 90' lang='lat'><strong>1</strong></span> 
     </span>
     <span class='ocr_line' id='line_1_41' title="bbox 1107 2770 1869 2830; baseline -0.008 -13"><span class='ocrx_word' id='word_1_397' title='bbox 1107 2772 1184 2830; x_wconf 79' lang='lat' dir='ltr'>[cf.</span> <span class='ocrx_word' id='word_1_398' title='bbox 1220 2772 1368 2817; x_wconf 76' lang='lat' dir='ltr'>Germ.</span> <span class='ocrx_word' id='word_1_399' title='bbox 1394 2773 1485 2814; x_wconf 89' lang='grc'>148</span> <span class='ocrx_word' id='word_1_400' title='bbox 1515 2775 1557 2815; x_wconf 81' lang='lat' dir='ltr'>et</span> <span class='ocrx_word' id='word_1_401' title='bbox 1586 2770 1752 2814; x_wconf 78' lang='lat' dir='ltr'>Auien.</span> <span class='ocrx_word' id='word_1_402' title='bbox 1778 2770 1869 2812; x_wconf 87' lang='lat'>370</span> 
     </span>
    </p>
   </div>
   <div class='ocr_carea' id='block_1_6' title="bbox 190 2841 1870 2961">
    <p class='ocr_par' dir='ltr' id='par_1_7' title="bbox 190 2841 1870 2961">
     <span class='ocr_line' id='line_1_42' title="bbox 190 2841 1867 2904; baseline -0.004 -13"><span class='ocrx_word' id='word_1_403' title='bbox 190 2844 473 2904; x_wconf 79' lang='lat' dir='ltr'>Aegregiam</span> <span class='ocrx_word' id='word_1_404' title='bbox 503 2848 552 2890; x_wconf 89' lang='lat' dir='ltr'>et</span> <span class='ocrx_word' id='word_1_405' title='bbox 580 2844 768 2902; x_wconf 89' lang='lat' dir='ltr'>proprio</span> <span class='ocrx_word' id='word_1_406' title='bbox 799 2846 907 2902; x_wconf 84' lang='lat' dir='ltr'>post</span> <span class='ocrx_word' id='word_1_407' title='bbox 935 2845 1123 2889; x_wconf 85' lang='lat' dir='ltr'>reddita</span> <span class='ocrx_word' id='word_1_408' title='bbox 1151 2845 1346 2888; x_wconf 85' lang='lat' dir='ltr'>numina-</span> <span class='ocrx_word' id='word_1_409' title='bbox 1376 2844 1505 2888; x_wconf 89' lang='lat' dir='ltr'>caelo</span> <span class='ocrx_word' id='word_1_410' title='bbox 1584 2841 1867 2901; x_wconf 76' lang='lat' dir='ltr'>[Auien.371</span> 
     </span>
     <span class='ocr_line' id='line_1_43' title="bbox 191 2901 1870 2961; baseline -0.004 -11"><span class='ocrx_word' id='word_1_411' title='bbox 191 2906 314 2950; x_wconf 88' lang='lat' dir='ltr'>Nam</span> <span class='ocrx_word' id='word_1_412' title='bbox 335 2905 762 2950; x_wconf 40' lang='lat' dir='ltr'>Lacheodemonius</span> <span class='ocrx_word' id='word_1_413' title='bbox 779 2918 922 2960; x_wconf 90' lang='lat' dir='ltr'>quum</span> <span class='ocrx_word' id='word_1_414' title='bbox 937 2904 1063 2948; x_wconf 87' lang='lat' dir='ltr'>Mars</span> <span class='ocrx_word' id='word_1_415' title='bbox 1081 2903 1303 2948; x_wconf 86' lang='lat' dir='ltr'>caluisset</span> <span class='ocrx_word' id='word_1_416' title='bbox 1318 2901 1548 2960; x_wconf 88' lang='lat' dir='ltr'>Aphidnis</span> <span class='ocrx_word' id='word_1_417' title='bbox 1582 2902 1767 2961; x_wconf 76' lang='lat' dir='ltr'>[Auien.</span> <span class='ocrx_word' id='word_1_418' title='bbox 1778 2901 1870 2944; x_wconf 81' lang='lat'>372</span> 
     </span>
    </p>
   </div>
  </div>
 </body>
</html>
