2106 3140
832 100 1172 145 PRAEFATIO
1739 102 1847 146 XIX

280 229 479 277 Ernesti
522 229 700 276 BIaass
753 227 812 274 de
861 225 1142 275 Germanici
1193 225 1445 287 prooemio
1499 227 1848 276 commentatio

165 296 469 369 (Gryphisw.
511 296 691 366 1893).

277 376 471 435 Georyiz'
503 375 661 422 Thiele
699 373 759 421 de
799 373 1121 436 antiquorum
1151 372 1292 420 libris
1322 373 1469 434 pictis
1501 373 1669 436 capita
1701 376 1844 436 quat-

162 452 279 498 tuor
317 442 599 515 (Marpurgi
637 446 899 495 Cattorum
940 445 1117 506 1897).

273 523 508 570 Eiusdem
544 520 730 569 Antike
760 520 1163 568 Himmelsbilder
1201 515 1356 584 (Berl.
1398 513 1578 585 1898).

273 596 482 644 Praeter
518 595 608 644 hos
650 592 931 643 Germanici
969 595 1103 642 locos
1144 593 1385 656 quosdam
1423 595 1722 658 attigerunt:

274 669 328 719 C.
365 671 423 718 F.
462 669 636 724 Kinch,
683 667 999 730 quaestiones
1039 666 1305 715 Curtianae
1353 667 1553 716 criticae
1593 662 1845 732 (Hauniae

270 737 331 864 F).
375 816 534 870 Stahl,
582 814 865 863 dissertatio
906 814 966 862 de
1005 809 1312 863 Ausonianis
1360 815 1539 864 studiis
1584 818 1845 877 poetarum

163 890 465 939 Graecorum
502 882 691 955 (Kiliae
735 883 915 952 1886).

270 964 327 1012 Ρ.
375 965 431 1012 de
477 963 790 1022 Winterfeld,
844 961 903 1009 de
948 961 1065 1008 Rufi
1109 962 1247 1009 Festi
1298 961 1484 1010 Auieni
1536 963 1844 1025 metaphrasi

158 1036 463 1085 Arateorum
499 1036 800 1085 recensenda
839 1038 889 1083 et
928 1035 1234 1085 emendanda
1274 1029 1461 1102 (Berol.
1506 1033 1684 1099 1895).

270 1110 407 1168 Quae
455 1113 627 1159 autem
670 1125 760 1172 per
806 1113 936 1158 acta
982 1110 1291 1158 litteraria
1336 1110 1559 1171 dispersa
1611 1110 1675 1158 ad
1723 1110 1842 1159 Ger-

158 1185 410 1233 manicum
439 1184 771 1248 pertinebant,
814 1199 885 1244 ea,
926 1199 1040 1231 cum
1077 1183 1316 1231 memoria
1347 1183 1498 1247 digna
1536 1183 1647 1232 uisa
1685 1188 1843 1248 erant,

158 1273 248 1307 suo
288 1259 395 1307 loco
436 1258 602 1308 attuli.

270 1332 516 1390 Quoniam
555 1333 616 1381 de
646 1332 724 1380 his
755 1332 905 1380 rebus
937 1331 1061 1379 satis
1101 1331 1281 1379 dixisse
1320 1331 1444 1378 mihi
1480 1331 1668 1395 uideor,
1709 1348 1842 1381 nunc

157 1405 216 1454 de
241 1406 649 1469 inscriptionibus
673 1405 1216 1478 subscriptionibusque
1243 1405 1469 1454 codicum
1495 1408 1545 1453 et
1577 1406 1635 1453 de
1667 1406 1842 1455 lectio-

156 1480 304 1528 nibus
343 1480 642 1543 quibusdam
679 1480 983 1528 Arateorum
1021 1481 1110 1527 aut
1157 1478 1415 1527 seruandis
1453 1481 1544 1526 aut
1587 1480 1842 1528 mutandis

155 1553 434 1616 disputabo.

266 1629 341 1676 Ac
363 1628 582 1690 primum
613 1628 813 1690 quidem
837 1626 978 1674 codd.
1007 1624 1056 1672 A
1079 1625 1133 1672 Ε
1151 1626 1200 1673 L
1223 1625 1303 1672 Ba
1329 1619 1402 1674 Vb
1432 1625 1841 1688 inscriptionibus

159 1705 342 1764 carent,
382 1701 538 1750 codici
576 1704 746 1749 autem
782 1699 832 1747 A
868 1700 990 1748 haec
1030 1699 1312 1762 subscripta
1348 1701 1485 1748 sunt:

639 1787 777 1838 CLA
787 1788 924 1836 UDI
958 1786 1325 1836 CAESARIS:
1338 1811 1350 1823 ·

640 1856 780 1900 ARA
789 1856 863 1900 TI
885 1854 1330 1899 PHENOMENA
1348 1881 1357 1888 ·

634 1914 968 1960 EXPLICIT
992 1914 1369 1959 FELICITER

153 1995 446 2044 inscribitur
480 1996 548 2043 P:
587 1995 907 2044 CLAUDII
941 1993 1288 2044 CAESARIS
1313 1993 1546 2043 ARATI
1574 1990 1597 2049 T
1628 1996 1731 2043 PH
1730 1996 1840 2044 OE-

154 2068 463 2118 NOMENA
496 2066 580 2133 -Ι-.
679 2071 902 2120 eiusdem
977 2069 1276 2130 subscriptio
1353 2072 1448 2118 est:
1527 2068 1845 2119 CLAUDII

156 2142 505 2192 CAESARIS
537 2142 770 2192 ARATI
798 2138 822 2196 Τ
853 2141 1206 2191 ΡΗΟΜΕΝΑ
1231 2167 1242 2179 ·
1266 2138 1403 2190 EPL
1427 2168 1437 2178 ·
1464 2146 1515 2192 et
1544 2136 1627 2190 Bb
1664 2144 1839 2192 inscri-

157 2217 312 2266 bitur:
390 2216 708 2266 CLAUDII
763 2215 1110 2266 CAESARIS
1138 2242 1147 2252 ·
1180 2215 1413 2264 ARATI
1439 2233 1469 2264 οεε
1530 2217 1838 2266 ΡΗΟΕΝΟ-

154 2290 380 2340 ΜΕΝΑ.
458 2292 539 2340 cui
585 2293 895 2355 subscriptus
943 2294 1020 2340 est
1074 2306 1252 2339 uersus
1306 2291 1606 2340 christianus
1659 2292 1719 2341 cf.
1762 2292 1834 2341 ed.

154 2365 317 2413 Berol.
370 2383 416 2427 p.
455 2365 638 2414 XVIII.
734 2382 792 2414 ex
843 2366 922 2414 his
976 2367 1145 2414 autem
1205 2364 1370 2413 titulis
1434 2357 1603 2428 colligi
1655 2368 1836 2429 potest,

156 2439 416 2501 archetypi
458 2436 512 2489 Ο
547 2440 921 2502 inscriptionem
958 2439 1134 2488 fuisse:
1176 2437 1460 2487 CLAUDI
1494 2438 1845 2488 CAESARIS

156 2511 388 2560 ARATI
441 2511 957 2562 PHAENOMENA.
1049 2529 1163 2560 nam
1225 2528 1351 2575 quae
1405 2512 1455 2559 B
1487 2515 1555 2561 M
1579 2511 1688 2577 A*‚
1750 2513 1837 2575 qui

156 2586 602 2648 subscriptionibus
633 2590 803 2636 carent
840 2602 1023 2651 omneS,
1061 2602 1151 2649 pro
1190 2587 1437 2635 indicibus
1475 2588 1736 2652 praebent,
1777 2602 1836 2635 ea.

155 2660 483 2708 recentiorem
528 2663 743 2709 aetatem
794 2677 913 2723 prae
968 2676 1018 2710 se
1072 2661 1244 2709 ferunt
1295 2661 1353 2708 cf.
1402 2675 1554 2722 supra
1598 2678 1644 2723 p.
1676 2661 1701 2708 I
1748 2676 1834 2724 sq.,

156 2751 202 2796 p.
243 2734 387 2797 VIII,
427 2751 473 2796 p.
505 2734 563 2782 X.
638 2734 770 2782 idem
806 2733 893 2781 A*
933 2737 983 2782 et
1030 2734 1086 2782 E
1135 2734 1554 2795 subscriptionum
1608 2736 1833 2795 expertes

158 2810 277 2856 sunt
329 2811 380 2856 et
433 2807 817 2870 subscriptiones
871 2809 920 2856 L
967 2810 1018 2856 et
1061 2808 1143 2855 Ba
1194 2801 1281 2875 (cf.
1329 2822 1481 2870 supra
1532 2825 1578 2869 p.
1618 2808 1736 2855 XIV
1783 2809 1835 2855 et

157 2898 203 2943 p.
251 2874 356 2949 XI)
415 2882 542 2929 nihil
602 2881 664 2929 ad
725 2897 829 2929 rem
889 2881 1094 2930 faciunt.
1183 2881 1223 2929 S
1278 2883 1447 2929 autem
1513 2880 1839 2930 inscribitur:

1417 2961 1480 3004 b*
