2106 3140
838 142 1176 187 PRAEFATIO
1741 145 1826 189 XV

154 269 200 316 S.
241 268 297 317 G.
338 268 396 316 de
435 267 599 326 Vries,
644 268 726 316 uir
771 268 1095 332 clarissimuS,
1142 268 1202 315 de
1241 267 1537 331 quibusdam
1581 268 1701 317 locis
1746 284 1825 317 me

150 341 498 390 liberalissime
546 341 757 390 edocuit.
834 357 930 405 quo
977 342 1165 389 factum
1210 343 1306 400 est,
1344 343 1403 389 ut
1441 341 1588 403 mihi,
1635 342 1677 390 si
1727 358 1825 404 qua

152 415 401 463 dubitatio
440 414 622 463 iniecta
662 417 792 479 erat,
832 431 890 463 ea
926 415 1202 464 tolleretur.
1272 430 1331 462 ex
1368 415 1460 463 hoc
1499 415 1658 478 igitur
1695 415 1822 464 libro

152 489 324 536 Thiele
349 481 432 554 (de
449 488 695 551 antiquor.
713 488 854 537 libris
870 489 1018 551 pictis
1041 505 1088 550 p.
1107 490 1136 536 2
1158 482 1286 555 sqq.)
1311 488 1527 537 codicem
1543 489 1822 537 Bononien-

151 578 254 611 sem
302 554 420 629 (Ba)
459 563 527 609 et.
566 561 868 623 descriptum
907 565 958 610 et
1003 562 1253 624 depictum
1291 577 1395 610 esse
1445 562 1674 612 affirmat.
1738 563 1825 625 qui

151 651 449 698 quamquam
479 651 638 697 nuper
674 628 816 701 (Ant.
840 635 1128 684 Himmelsb.
1155 630 1313 702 p.82)
1350 636 1456 697 ipse
1493 650 1669 684 uersus
1705 638 1825 699 142,

152 711 272 772 145,
317 709 417 758 146
457 735 531 742 -
564 708 745 771 quibus
784 725 830 757 u.
868 711 972 757 144
1013 709 1266 757 addendus
1306 711 1414 758 erat
1449 735 1511 743 —
1554 725 1584 757 a
1622 709 1823 758 librario

147 783 196 831 L
236 783 441 831 omissos
486 782 538 829 in
582 782 659 829 Ba
695 782 911 830 inueniri
958 783 1219 846 concessit,
1266 785 1434 831 tamen
1479 783 1529 830 in
1578 783 1826 832 sententia

150 871 240 904 sua
277 858 579 918 perseuerat,
620 856 752 919 quod
783 856 841 919 is,
881 856 966 918 qui
997 856 1212 904 codicem
1244 857 1318 903 Ba
1350 859 1587 920 exarauit‚
1626 859 1825 919 praeter

148 931 196 978 L
236 930 389 977 etiam
427 929 524 977 alio
563 930 786 991 exemplo
824 945 946 978 usus
977 944 1082 978 esse
1113 931 1350 991 potuerit.
1403 930 1504 978 iam
1533 946 1631 978 non
1663 930 1824 978 solum

149 1019 208 1051 ex
253 1003 613 1065 scripturarum
659 1006 922 1066 concentu,
962 1003 1047 1052 sed
1094 1003 1245 1052 etiam
1293 1020 1351 1051 ex
1398 1019 1561 1052 errore
1609 1004 1825 1066 quodam

147 1076 340 1124 librarii
392 1077 444 1124 in
496 1077 772 1139 planetario
821 1077 1078 1126 commisso
1134 1070 1217 1143 (cf.
1249 1094 1295 1140 p.
1323 1080 1390 1126 83
1424 1079 1475 1125 et
1508 1071 1638 1143 141)
1695 1077 1826 1125 effici

148 1153 338 1214 censet,
378 1153 436 1198 ut
474 1150 559 1199 ille
599 1151 815 1199 codicem
852 1152 900 1199 L
939 1151 1268 1213 descripserit.
1337 1151 1424 1200 sed
1464 1151 1523 1199 de
1563 1151 1822 1212 scripturis

146 1239 321 1274 uereor
368 1240 429 1272 ne
469 1225 638 1273 Thiele
679 1241 709 1273 a
746 1241 865 1273 uero
913 1225 1156 1273 abductus
1205 1226 1291 1287 sit,
1331 1241 1447 1273 nam
1494 1240 1577 1273 eos
1624 1227 1825 1273 tantum

127 1313 321 1346 >uersus
368 1298 547 1346 codicis
592 1300 686 1361 Ba,
736 1314 859 1362 quos
906 1299 1090 1347 Dahms
1138 1299 1400 1360 attulerat,
1447 1315 1560 1346 cum
1598 1298 1647 1346 L
1694 1313 1823 1346 com-

146 1372 360 1433 parauit.
410 1374 460 1420 et
492 1375 734 1435 quantum
767 1389 826 1420 ex
850 1373 1140 1421 Baehrensii
1172 1375 1418 1434 apparatu
1448 1372 1595 1420 uideo
1626 1372 1679 1419 in
1708 1372 1823 1419 reli-

148 1445 260 1507 quis
299 1448 416 1494 sunt
455 1462 581 1508 quae
621 1446 989 1495 dubitationem
1026 1449 1280 1494 moueant.
1317 1461 1468 1495 uersu
1507 1448 1678 1494 autem
1718 1447 1824 1494 234

148 1535 177 1566 a
225 1519 416 1567 Thielio
462 1537 508 1581 p.
544 1522 610 1568 83
660 1520 813 1568 allato
852 1521 899 1568 L
947 1522 998 1568 et
1043 1521 1117 1567 Ba
1162 1520 1348 1568 habent
1396 1524 1539 1568 motu.
1607 1521 1826 1568 testatur

148 1592 241 1640 hoc
282 1595 332 1641 et
371 1593 572 1642 collatio
612 1594 865 1642 Vlietiana
903 1597 954 1641 et
993 1594 1040 1641 S.
1075 1592 1130 1642 Gr.
1164 1594 1224 1641 de
1247 1594 1393 1642 Vries
1432 1593 1594 1641 denuo
1634 1597 1691 1641 de
1730 1593 1825 1641 hac

146 1681 199 1714 re
241 1682 270 1714 a
308 1682 385 1714 me
424 1667 773 1731 interrogatus.
861 1683 917 1715 ac
964 1667 1022 1715 de
1069 1667 1369 1730 imaginibus
1415 1667 1657 1715 iudicium
1702 1667 1826 1714 mihi

146 1755 245 1788 non
285 1755 439 1789 sumo.
516 1741 693 1803 quodsi
722 1757 822 1788 non
850 1741 996 1789 modo
1028 1741 1145 1789 illae
1179 1740 1264 1789 sed
1294 1741 1531 1790 lectiones
1561 1740 1824 1803 utriusque

147 1813 328 1862 codicis
368 1813 420 1861 in
459 1829 660 1863 censum
697 1814 950 1863 uocandae
990 1817 1120 1878 sunt,
1160 1815 1222 1862 ad
1253 1815 1380 1863 hanc
1411 1830 1516 1862 rem
1549 1814 1823 1862 diiudican-

146 1887 260 1934 dam
299 1888 348 1934 L
386 1903 498 1935 cum
535 1888 616 1935 B*
662 1888 1029 1937 accuratissime
1076 1889 1289 1937 conferri
1333 1904 1531 1937 necesse
1580 1891 1668 1936 est.
1739 1889 1826 1936 sed

145 1976 258 2008 cum
294 1961 347 2008 in
386 1977 442 2009 eo
476 1961 555 2024 sit,
593 1963 652 2010 ut
681 1962 790 2010 hice
828 1962 955 2010 liber
992 1963 1130 2024 prelo
1167 1963 1456 2026 subiciatur,
1496 1977 1554 2010 ea
1583 1977 1662 2010 res
1700 1962 1820 2009 mihi

144 2033 196 2081 in
234 2034 395 2083 medio
434 2035 756 2098 relinquenda
795 2038 883 2084 est.

254 2108 363 2156 Iam
399 2124 519 2157 uero
559 2110 749 2158 codices
788 2111 1152 2171 Friberyensem
1189 2110 1281 2157 XV
1319 2113 1408 2158 aut
1445 2109 1668 2158 exeuntis
1707 2108 1825 2156 XIV

146 2182 332 2230 saeculi
378 2175 461 2249 (cf.
501 2183 590 2231 Ed.
629 2183 992 2247 Heydenreich,
1032 2184 1111 2231 die
1148 2183 1692 2247 Hyginushandschrift
1738 2183 1826 2231 der

144 2255 433 2318 Freiberger
450 2255 1027 2320 Gymnasialbibliothek,
1043 2275 1089 2320 p.
1103 2260 1133 2307 8
1151 2258 1388 2321 Freiberg
1415 2253 1602 2324 1878);
1629 2257 1822 2306 Vatica-

143 2343 262 2376 wwm
284 2331 445 2386 3293,
480 2331 766 2380 Vaticanum
789 2332 958 2393 Reyin.
990 2333 1143 2387 1801,
1173 2333 1564 2381 Laurentianum
1604 2330 1822 2379 Gaddia-

143 2418 261 2450 num
282 2404 407 2462 plut.
437 2405 736 2453 LXXXIX
761 2421 866 2466 sup.
897 2421 942 2453 n.
977 2407 1058 2469 43,
1091 2405 1150 2454 de
1197 2405 1377 2468 quibus
1424 2406 1482 2454 cf.
1518 2405 1632 2454 edit.
1658 2404 1820 2453 Berol.

144 2493 190 2538 p.
229 2476 398 2524 XXIII
422 2491 512 2541 sq.,
551 2481 610 2526 ut
649 2481 798 2527 antea
835 2479 909 2527 ita
954 2495 1084 2528 nunc
1131 2496 1326 2543 quoque
1373 2480 1548 2528 missos
1587 2479 1696 2527 feci.
1741 2494 1822 2526 ne-

147 2565 242 2612 que
281 2547 658 2600 Ambrosianum
695 2553 748 2600 D
772 2554 840 2603 52
861 2554 951 2613 inf.
992 2547 1083 2620 (cf.
1121 2554 1306 2602 Auieni
1342 2553 1543 2617 Aratea,
1582 2553 1659 2601 ed.
1690 2552 1820 2613 Lips.

144 2640 190 2685 p.
223 2623 320 2670 VII
366 2626 416 2672 et
459 2624 519 2672 A.
566 2625 776 2691 Holder,
829 2627 1014 2675 Auieni
1059 2643 1205 2676 carm.
1244 2644 1292 2689 p.
1330 2627 1402 2675 XI
1441 2621 1564 2694 sq.),
1618 2627 1677 2674 de
1725 2641 1822 2688 quo

144 2697 245 2745 iam
286 2697 539 2746 Gustauus
578 2699 754 2749 Loewe
792 2717 871 2748 me
911 2701 1172 2749 certiorem
1209 2702 1416 2763 fecerat,
1468 2701 1675 2764 dignum
1722 2715 1821 2747 cre-

147 2770 254 2818 didi
286 2787 383 2834 quo
415 2774 596 2820 uterer.
657 2773 778 2822 item
808 2790 998 2838 uereor,
1037 2790 1098 2822 ne
1137 2774 1454 2823 memorabile
1486 2774 1611 2822 nihil
1649 2773 1824 2821 afferat

148 2846 290 2893 codex
317 2847 786 2907 Montispessulanus
815 2863 890 2896 nr.
916 2848 1033 2903 452,
1066 2848 1184 2896 olim
1214 2847 1676 2911 Augustobonensis
1717 2841 1820 2912 (³de

147 2912 401 2986 Troyes'),
442 2920 627 2968 saeculi
667 2921 772 2985 XV,
820 2921 879 2969 de
927 2937 1023 2984 quo
1072 2923 1129 2970 cf.
1179 2921 1453 2985 Catalogue
1492 2920 1693 2985 general
1738 2919 1822 2967 des
