2106 3140
633 884 1222 945 EPIGRAMMATA
1270 883 1589 944 GRAECA

212 1065 237 1112 I
661 1056 1142 1113 PEPMAMKOT
1180 1056 1555 1111 ΚΑΙΣΑΡΟΣ

285 1163 471 1231 Οὔρεος
509 1163 558 1226 ἐξ
597 1165 802 1216 ὑπάτοιο
841 1163 999 1232 λαγὼς
1035 1163 1181 1215 πέσεν
1218 1164 1267 1224 ἔς
1304 1183 1420 1215 ποτε
1457 1163 1659 1232 βένθος,

352 1238 685 1306 ἐκπροφνγεῖν
722 1238 917 1304 μεμαὼς
952 1239 1135 1306 τρηχὺν
1173 1236 1351 1289 ὀδόντα
1387 1238 1553 1299 κυνός.

280 1308 384 1363 ἀλλ’
428 1307 536 1363 οὐδ’
579 1310 645 1374 ὣς
682 1311 829 1378 ήλυξε
866 1311 1020 1362 κακὸν
1060 1311 1231 1379 μόρον·
1273 1311 1447 1362 αὐτίκα
1483 1313 1575 1381 γάρ
1614 1333 1698 1379 μιν

353 1387 563 1446 εἰνάλιος
600 1387 803 1455 μάρψας
839 1387 1117 1451 πνεύματος
1156 1384 1450 1452 ὧρφάνισεν.

279 1459 332 1510 ἐκ
369 1460 543 1527 πυρὸς,
581 1459 648 1521 ὡς
685 1455 842 1526 αἶνος,
879 1458 1021 1520 πέσες
1058 1461 1127 1520 εἰς
1166 1459 1346 1526 φλόγα·
1384 1454 1416 1526 ἧ
1456 1460 1518 1527 ῥα
1556 1474 1607 1510 σε
1647 1461 1836 1527 δαίμων
1982 1479 2004 1511 5

353 1533 447 1600 κήν
485 1533 566 1585 ἁλὶ
601 1533 697 1601 κήν
734 1533 885 1605 χέρσῳ
923 1532 1084 1601 θρέψε
1121 1534 1321 1584 κύνεσσι
1358 1534 1528 1602 βοράν.

197 1757 250 1805 Π
895 1750 1039 1805 TOT
1077 1750 1327 1804 ATTOT

276 1855 363 1909 Ἐκ
399 1858 551 1919 κυνὸς
590 1855 684 1910 εἷλε
720 1859 855 1909 κύων
894 1877 965 1923 με.
1030 1859 1078 1909 τί
1111 1858 1164 1909 τὸ
1203 1857 1369 1921 ξένον;
1409 1859 1480 1919 εἰς
1516 1856 1600 1925 ἐμὲ
1637 1863 1791 1926 θῆρες

353 1932 497 2001 ὑγροὶ
533 1932 616 1983 καὶ
653 1932 787 1993 πεζοὶ
824 1932 995 1998 θυμὸν
1033 1931 1228 1999 ἔχουσιν
1267 1930 1367 1982 ἕνα.

220 2149 242 2193 Ι
399 2149 451 2194 Ε
440 2151 799 2208 piyrammatum
828 2149 1110 2207 Antholoyia
1131 2149 1357 2194 Palatina
1385 2149 1453 2194 ed
1478 2147 1539 2193 F.
1565 2149 1757 2194 Du‘lmer
1785 2149 1875 2194 uol
1901 2148 1969 2193 II

279 2208 307 2252 l.
321 2209 407 2253 IX
418 2223 453 2253 c.
464 2209 628 2254 XVII.
653 2208 862 2253 Lemma:
876 2210 1168 2282 Γερμανικοῦ
1181 2207 1467 2265 Καίσαρος(’
1469 2208 1616 2252 sedad
1627 2222 1754 2253 oram
1765 2209 1960 2266 v(eteris)

279 2268 481 2324 c(odicis)
510 2269 752 2342 scriptum.-
796 2283 866 2324 γρ.
893 2264 1171 2342 Ἀδριανοῦ)’
1215 2265 1282 2318 εἰς
1317 2266 1497 2341 λαγωὸν
1535 2266 1626 2311 ὑπὸ
1665 2274 1820 2311 κυνῶν
1852 2268 1961 2311 διω-

280 2325 495 2382 κόμενον,
539 2324 593 2371 ὃν
633 2322 888 2371 ἐκπεσόντα
928 2324 993 2376 εἰς
1033 2325 1280 2370 θάλασσαν
1318 2323 1498 2382 ἤρπαγε
1538 2327 1644 2383 (sic;
1673 2323 1851 2383 ηρπασε
1884 2341 1959 2384 ap.

279 2385 436 2442 Salm.)
467 2385 592 2431 κύων
621 2384 891 2436 θαλάσσιος.
952 2386 1016 2429 In
1045 2386 1290 2430 Planudea
1324 2399 1497 2459 quoque
1529 2384 1858 2430 Germanico
1887 2387 1960 2430 in-

278 2446 498 2501 scriptum
604 2449 628 2488 1
661 2445 773 2491 ποτε
805 2445 944 2490 codex
974 2443 1221 2489 Palatinus
1258 2444 1265 2503 Ι
1302 2448 1331 2487 4
1374 2443 1426 2501 ὀρ
1431 2442 1629 2501 φάνισεν
1675 2446 1769 2489 cod.
1799 2445 1963 2490 Glossa

280 2502 405 2549 κύων
443 2501 659 2560 δηλονότι
695 2506 749 2549 in
796 2503 947 2548 Athoo
984 2504 1078 2548 cod.
1133 2505 1150 2560 ΙΙ
1197 2507 1223 2547 5
1263 2461 1426 2554 αἰνὸςρ
1431 2504 1527 2549 eod.
1567 2500 1709 2555 αἰνῶς
1740 2503 1962 2558 Planud„

279 2564 373 2608 cod.
406 2563 602 2621 Βορέας,
674 2577 775 2608 uem
815 2562 1010 2608 Du’bner
1048 2562 1172 2607 uidit
1215 2576 1296 2607 nec
1336 2576 1572 2607 numerum
1604 2563 1878 2634 adnotauit,
1919 2568 1961 2607 et

279 2621 456 2667 Atheus
482 2624 489 2679 Ι
516 2621 562 2673 ἐς
585 2625 647 2679 φλ.
676 2638 736 2679 γα
759 2621 938 2667 Atheus
970 2617 1016 2672 ἐς
1039 2619 1214 2679 φλόγας
1237 2621 1410 2680 Reyius
1431 2623 1447 2679 ΙΙ
1471 2625 1498 2665 6
1527 2618 1574 2665 κ’
1601 2618 1661 2676 ἢν
1692 2622 1787 2667 cod.
1812 2620 1959 2681 βορήν

281 2680 482 2727 Planud.
515 2686 557 2727 et
585 2682 773 2740 Reyius.

205 2804 249 2850 Π
400 2799 584 2845 Anthol.
617 2799 769 2844 Palat.
782 2798 873 2844 ποῖ.
889 2798 957 2841 ΙΙ
973 2799 1000 2843 l.
1014 2799 1097 2843 IX
1114 2813 1150 2844 ο.
1178 2798 1379 2844 XVIII.
1434 2798 1644 2843 Lemma.
1667 2801 1960 2855 Γερμανικοῦ

279 2859 527 2916 Και’.σαρος
581 2857 667 2910 Εἰς
695 2858 776 2902 τὸν
800 2857 944 2901 αὐτὸν
974 2856 1161 2915 ὁμοίως·
1196 2855 1291 2902 ἔστι
1321 2855 1374 2902 δὲ
1401 2854 1618 2932 κρείττων
1642 2858 1739 2913 (sic)
1770 2857 1959 2912 κρείττω

281 2930 434 2977 apoyr.
446 2922 654 2976 κρεῖττον
671 2917 941 2974 Salmasius)
959 2923 1041 2961 τοῦ
1054 2914 1281 2975 προτέρου
1296 2914 1638 2975 ἐπιγράμματος
1663 2917 1671 2973 Ι
1697 2920 1724 2959 2
1737 2915 1866 2969 πεζοὶ
1878 2915 1958 2960 καὶ
