2106 3140
834 98 1180 144 PRAEFATIO
1704 100 1855 144 XXIX

171 227 383 275 nominis
424 226 730 275 substantiui
768 225 1008 273 abstracti
1045 240 1135 287 pro
1174 224 1421 272 adieetiuo
1460 223 1679 285 positum
1710 225 1854 272 uelut

172 316 381 350 errorem
411 302 679 361 prauitatis
715 315 805 362 pro
846 313 1056 347 errorem
1083 311 1338 358 prauum,
1363 299 1554 346 odorem
1591 300 1852 346 suauitatis

168 391 258 437 pro
298 376 486 422 odorem
522 388 736 428 suauem,
774 374 909 432 filius
937 373 1226 432 perditionis
1263 387 1353 433 pro
1392 372 1526 430 filius
1547 372 1770 431 perditus
1799 371 1853 418 in

168 463 265 496 usu
302 463 401 496 non
438 446 593 495 fuisse
633 446 791 494 docet.
854 445 1033 509 quodsi
1068 446 1245 509 fragm.
1276 444 1324 492 V
1358 446 1388 492 2
1420 445 1630 493 humeris
1658 446 1854 493 uirtutis

169 521 415 570 traditum
439 524 528 582 est,
558 520 652 568 hoc
683 535 773 581 pro
799 520 1010 568 humeris
1030 521 1208 567 uirtute
1229 520 1469 579 praeditis
1499 518 1662 580 posito
1695 533 1853 581 genus

169 595 298 642 illud
337 593 532 642 dicendi
570 593 810 641 Afrorum
842 595 892 640 et
922 592 1263 641 Hebraeorum
1293 592 1505 640 indicari
1534 591 1855 640 manifestum

172 671 260 716 est.
338 667 485 715 Atlas
525 667 657 715 enim
695 665 901 730 globum
938 667 1123 714 umeris
1155 673 1360 729 portans
1400 665 1579 714 artifici
1615 680 1856 713 uersuum

171 741 626 789 Arundelianorum
657 740 952 788 obuersatus
982 739 1196 788 uidetur.
1236 740 1395 802 primo
1429 742 1597 788 autem
1628 739 1737 787 loeo
1770 754 1853 787 eos

172 815 424 878 ponendos
482 830 586 863 esse
640 815 960 876 putaueram,
1017 814 1134 875 quia
1190 812 1511 861 Germanicus
1564 828 1742 875 poema
1796 812 1855 860 de

172 889 388 951 planetis
427 888 488 936 ab
521 888 741 951 Atlante,
774 887 963 948 Libyae
1002 886 1120 949 filio,
1163 887 1421 935 inuentore
1463 887 1764 949 astrologiae
1805 888 1856 933 et

173 962 410 1024 sphaerae
450 955 537 1028 (cf.
567 962 694 1009 Plin.
724 978 770 1009 n.
802 961 850 1008 h.
882 960 979 1008 VII
1013 962 1116 1009 203
1152 963 1203 1008 et
1233 960 1283 1007 II.
1317 955 1430 1025 31),
1470 963 1520 1008 et
1551 976 1664 1008 curn
1696 960 1741 1007 ei
1772 975 1854 1008 eo-

174 1036 288 1084 dem
325 1038 553 1097 poemate
593 1035 652 1083 de
691 1034 1076 1096 tempestatibus
1115 1034 1366 1097 agendum
1405 1037 1549 1098 esset,
1590 1034 1651 1081 ab
1684 1034 1856 1096 Aeolo,

175 1109 398 1158 Hellenis
436 1109 555 1172 filio,
594 1111 860 1157 uentorum
900 1108 1108 1156 rationis
1147 1108 1408 1156 inuentore
1448 1101 1533 1174 (of.
1573 1107 1698 1155 Plin.
1731 1124 1777 1155 n.
1808 1107 1855 1156 h.

175 1183 274 1230 VII
299 1176 431 1249 203)
455 1183 677 1245 coepisse
702 1182 826 1230 mihi
856 1182 1137 1230 uidebatur.
1185 1197 1315 1230 nune
1338 1197 1458 1229 uero
1478 1178 1678 1247 ἕρμαιον
1694 1181 1856 1229 Baeh-

178 1257 466 1305 rensianum
505 1257 630 1305 abiit
667 1253 784 1319 ’ἠύτε
822 1254 1022 1314 καπνός.

285 1331 513 1379 Exclusis
552 1331 711 1394 igitur
740 1329 968 1378 uersibus
1000 1329 1353 1377 Arundelianis
1386 1331 1625 1391 quattuor
1662 1330 1858 1377 restant

174 1405 458 1468 fragmenta
502 1420 604 1452 una
650 1421 758 1452 eum
808 1403 1168 1451 Phaenomenis
1214 1403 1414 1451 tradita.
1493 1418 1705 1465 quorum
1756 1418 1857 1450 me-

179 1479 340 1526 moria
377 1479 561 1526 mirum
601 1480 845 1540 quantum
883 1477 1179 1539 perturbata
1219 1480 1308 1525 est.
1384 1491 1500 1523 nam
1530 1478 1729 1538 praeter
1758 1476 1858 1537 pri-

183 1568 322 1599 mum
360 1553 538 1615 fragm.
577 1551 655 1598 III
687 1554 737 1599 et
774 1551 825 1598 II
863 1577 924 1584 ——
961 1551 1042 1599 hic
1081 1553 1158 1599 est
1198 1551 1316 1598 ordo
1356 1549 1756 1598 membranarum
1788 1575 1859 1582 —-

181 1626 322 1673 libris
362 1626 548 1674 ordinis
590 1624 644 1674 Z
686 1625 1025 1687 continentur,
1074 1626 1311 1687 quartum
1350 1625 1520 1671 autem
1559 1625 1635 1671 est
1673 1622 1858 1672 ordinis

185 1696 261 1763 O,
309 1699 395 1748 sed
440 1700 514 1747 ita
563 1701 623 1747 ut
669 1697 718 1746 A
748 1699 796 1745 P
819 1700 888 1746 M
911 1697 1003 1745 A*
1027 1698 1067 1746 S
1115 1699 1280 1746 totum
1334 1697 1670 1759 seruauerint,
1716 1696 1860 1744 Italis

186 1775 357 1821 autem
394 1789 444 1821 u.
480 1775 652 1821 1—51
697 1772 876 1820 desint.
952 1772 1067 1819 hino
1097 1787 1218 1819 uero
1251 1773 1522 1833 utrumque
1555 1771 1861 1832 archetypon

185 1847 441 1910 librorum,
482 1846 566 1908 qui
598 1848 815 1894 aetatem
837 1846 1079 1903 tulerunt,
1104 1845 1396 1893 mutilatum
1427 1847 1478 1892 et
1507 1844 1858 1906 perturbatum

184 1920 339 1968 fuisse
380 1922 602 1982 apparet.
655 1920 748 1968 hoc
788 1922 958 1967 autem
995 1919 1120 1966 mihi
1158 1919 1360 1982 quidem
1397 1919 1559 1982 magis
1599 1920 1857 1966 consenta-

178 2010 328 2042 neum
371 1994 594 2056 uidetur,
641 2010 791 2055 quam
837 1994 970 2056 quod
1017 1993 1213 2041 censuit
1248 1993 1437 2054 Maass,
1479 1993 1538 2040 de
1581 1991 1862 2040 Germanioi

179 2068 430 2130 prooemio
469 2085 515 2129 p.
547 2067 633 2128 XI,
682 2063 900 2131 ‘eclogas
940 2083 965 2114 e
1004 2069 1113 2116 toto
1162 2067 1379 2129 quodam
1418 2066 1699 2115 Germanici
1744 2081 1860 2127 poe-

179 2143 314 2190 mate
368 2141 699 2191 astronomico
754 2157 784 2189 a
836 2141 1001 2189 nescio
1065 2157 1163 2203 quo
1234 2140 1504 2203 anthologo
1575 2140 1863 2201 desumptas

183 2231 438 2277 superesse
486 2216 539 2263 in
583 2210 912 2279 fragmentis'.
988 2230 1168 2263 uerum
1217 2230 1331 2262 oum
1370 2214 1674 2276 archetypon
1712 2213 1861 2261 muti—

184 2290 347 2337 latum
379 2290 547 2352 fuerit,
578 2305 639 2337 ne
669 2289 853 2337 mirum
885 2288 1087 2351 quidem
1117 2288 1281 2336 uideri
1310 2290 1491 2352 potest,
1522 2289 1862 2351 fragmentum

181 2363 399 2424 primum
446 2379 505 2411 ex
551 2363 709 2411 altero
748 2369 977 2424 poemate
1027 2363 1080 2410 in
1118 2363 1335 2411 alterum
1371 2362 1642 2424 irrepsisse.
1721 2361 1862 2409 ouius

185 2437 260 2484 rei
299 2451 450 2484 causa
487 2435 663 2485 dubito
703 2453 767 2484 an
804 2437 970 2499 imago
1011 2437 1250 2498 sphaerae
1289 2437 1464 2499 fuerit,
1505 2452 1603 2498 qua
1642 2433 1691 2482 A
1724 2451 1862 2482 exor-

188 2511 337 2558 natus
383 2513 459 2558 est
506 2504 591 2576 (ef.
631 2526 783 2572 supra
819 2527 866 2572 p.
898 2503 1018 2577 ΧΠ)
1059 2513 1110 2558 et
1148 2511 1289 2558 euius
1328 2510 1377 2557 B
1415 2526 1515 2558 non
1554 2524 1726 2571 expers
1766 2508 1865 2556 fuit

192 2577 278 2647 (cf.
310 2584 454 2647 Rose,
484 2583 1034 2633 Meerman·Handschr.
1066 2601 1115 2647 p.
1149 2586 1252 2633 287
1288 2584 1379 2633 col.
1416 2585 1443 2631 1
1485 2585 1761 2645 praenotat.
1801 2582 1864 2630 ad

185 2656 543 2719 Phillippioum
585 2659 726 2706 1830
773 2660 824 2706 et
869 2675 914 2719 p.
950 2659 1053 2707 289
1096 2658 1185 2706 col.
1228 2659 1258 2705 2
1298 2657 1581 2719 Phillippie.
1626 2658 1764 2705 1832
1814 2658 1881 2703 et.

187 2731 376 2795 Thiele,
414 2731 603 2779 Antike
641 2731 932 2780 Himmelsb.
970 2749 1017 2794 p.
1054 2725 1200 2797 157),
1277 2731 1386 2779 fieri
1425 2731 1557 2779 enim
1586 2730 1768 2792 potuit,
1807 2731 1864 2776 ut

189 2805 422 2866 sphaera,
471 2805 614 2852 euius
660 2805 870 2868 insignis
907 2820 1024 2867 pars
1062 2806 1292 2854 zodiacus
1332 2807 1422 2867 est,
1461 2804 1680 2866 poemati
1717 2801 1864 2850 alteri

188 2878 337 2927 affixa
382 2894 484 2927 una
531 2894 646 2927 oum
692 2879 970 2943 fragmento
1017 2879 1177 2940 primo
1217 2878 1280 2926 ad
1317 2878 1663 2926 Phaenomena
1699 2878 1863 2924 trans-
