2106 3140
847 141 1192 187 PRAEFATIO
1695 143 1865 188 XXVH

170 269 306 331 quod
353 266 675 316 Germanicus
721 269 772 315 et
809 283 856 316 11.
891 269 998 317 550
1043 267 1298 329 pollicitus
1345 269 1475 316 esset
1512 268 1618 316 fore
1663 271 1721 316 ut
1762 269 1858 317 sibi

171 358 315 390 musa
368 340 676 402 scorpionem
724 344 924 389 caneret
976 342 1096 390 dicto
1141 344 1287 402 prius
1341 340 1515 389 Orione
1561 344 1612 389 et
1666 358 1714 389 u.
1751 344 1857 390 644

171 415 444 478 scorpionis
482 414 708 462 fabulam
754 429 868 462 cum
908 413 1091 463 Orione
1136 430 1371 463 conexam
1415 415 1692 478 retulisset,
1739 415 1853 463 inde

168 488 521 538 Germanicum
548 487 650 535 iam
687 503 838 535 uersu
878 490 984 538 550
1022 489 1348 550 posteriorem
1378 490 1574 550 partem
1611 489 1855 550 poematis

169 563 414 610 indicasse
462 561 796 624 colligendum
841 577 946 610 esse
991 563 1207 624 putauit.
1292 562 1435 624 atqui
1479 577 1595 610 cum
1648 563 1855 624 scorpio,

172 652 300 699 quae
361 635 645 683 fabularum
709 635 1152 683 astronomicarum
1212 636 1450 684 memoria
1504 638 1602 700 est,
1656 636 1857 684 demum

168 712 375 772 propter
414 709 575 757 scelus
615 707 810 757 Orionis
851 711 990 756 ortus
1032 710 1110 772 sit,
1151 712 1538 758 consentaneum
1575 711 1672 771 est,
1714 708 1856 758 Orio-

170 799 287 831 nem
332 785 447 831 ante
494 782 802 843 scorpionem
850 783 1236 831 commemorari.
1314 783 1491 846 quodsi
1532 782 1858 832 Germanicus

169 873 220 904 11.
246 858 351 905 644
369 872 471 920 sqq.
503 856 660 917 primo
687 854 898 917 Orionis,
929 858 1040 903 tum
1064 856 1334 918 scorpionis
1363 857 1587 905 fabulam
1611 857 1853 921 narrauit,

167 931 222 978 id
268 945 382 978 eum
426 945 487 977 ne
534 929 706 977 eadem
751 929 952 992 quidem
991 945 1162 991 causa,
1210 930 1295 978 sed
1333 931 1450 992 quia
1487 931 1634 978 Arati
1673 946 1850 979 uersus

169 1006 277 1053 634
319 1019 422 1067 sqq.
483 1003 926 1067 interpretaretur,
978 1003 1154 1051 fecisse
1209 1003 1438 1052 arbitror.
1522 1004 1638 1052 hinc
1692 1005 1851 1068 igitur

171 1078 299 1125 nihil
340 1077 568 1126 concludi
606 1079 786 1139 potest.

281 1150 604 1199 Germanicus
642 1167 691 1199 u.
726 1153 832 1200 544
872 1165 1104 1199 cancrum
1144 1150 1282 1199 sidus
1314 1151 1440 1199 dixit
1470 1153 1657 1201 bellum.
1721 1152 1856 1215 quod

166 1228 341 1273 utrum
371 1241 461 1286 per
496 1224 709 1273 ironiam
740 1227 790 1272 et
821 1224 1242 1273 dissimulantiam
1271 1226 1459 1287 fecerit,
1489 1225 1541 1273 id
1573 1226 1706 1288 quod
1728 1226 1857 1275 Ellis

162 1299 311 1348 Noct.
350 1298 519 1346 Manil.
559 1316 606 1360 p.
642 1301 744 1348 239
788 1298 1070 1360 suspicatus
1110 1301 1199 1362 est,
1230 1314 1397 1362 necne,
1430 1299 1480 1346 in
1511 1299 1673 1347 medio
1705 1300 1855 1347 relin-

167 1389 333 1435 quam.
410 1372 495 1421 sed
548 1373 640 1421 hoc
694 1372 817 1420 mihi
870 1374 1060 1420 certum
1114 1372 1338 1433 uidetur,
1391 1373 1659 1421 lectionem
1713 1374 1855 1421 illam

166 1448 284 1495 bello
322 1447 433 1495 ideo
466 1446 600 1509 quod
631 1462 741 1494 eam
772 1446 894 1495 satis
926 1446 1170 1508 explicare
1203 1446 1495 1510 nesciamus,
1528 1447 1857 1508 spernendam

168 1537 270 1569 non
310 1535 429 1569 esse.

280 1593 424 1651 Quod
464 1592 807 1652 Germanicus,
854 1595 1122 1656 postquam
1168 1594 1359 1641 oriente
1405 1609 1582 1642 cancro
1622 1594 1856 1642 ultimam

165 1668 380 1716 caudam
427 1667 670 1729 serpentis
718 1668 1034 1730 conspicuam
1087 1682 1191 1715 esse
1247 1667 1438 1730 docuit,
1491 1684 1540 1715 u.
1585 1669 1687 1716 593
1746 1684 1856 1715 eam

166 1744 331 1790 tortus
383 1741 630 1789 timendos
674 1740 855 1789 habere
902 1741 1061 1802 addit,
1115 1740 1238 1789 haec
1292 1743 1368 1788 est
1421 1741 1686 1803 explicatio
1742 1757 1851 1789 sen-

165 1816 356 1864 tentiae
394 1814 750 1877 praecedentis.
828 1831 954 1877 quae
994 1831 1047 1862 re
1085 1814 1194 1876 ipsa
1231 1815 1494 1878 probatur,
1533 1831 1650 1876 na-rn
1687 1817 1855 1863 tortus

162 1889 244 1936 illi
281 1888 448 1936 ultimi
484 1888 671 1936 habent
709 1888 881 1937 stellas
920 1888 1042 1936 satis
1074 1888 1267 1936 lucidas
1306 1889 1451 1936 uelut
1487 1907 1519 1951 η
1553 1891 1605 1936 et
1635 1893 1687 1937 θ.
1757 1889 1852 1937 ita-

163 1978 261 2025 que
294 1963 565 2025 Maybaum
594 1979 641 2024 p.
666 1964 734 2011 45
769 1963 882 2010 latet
910 1979 1000 2024 pro
1038 1963 1175 2011 habet
1213 1962 1528 2011 scribendum
1568 1962 1672 2011 sine
1706 1978 1855 2011 causa

165 2037 441 2098 proposuit.

277 2109 462 2159 Chiron
505 2126 553 2158 u.
598 2112 700 2160 669
758 2111 980 2159 cruribus
1033 2112 1278 2159 obscurior
1324 2137 1402 2150 -—>
1442 2110 1511 2159 sic
1561 2111 1692 2158 enim
1739 2126 1853 2159 con-

164 2184 474 2248 iungendam
519 2186 596 2232 est
640 2210 713 2217 —
759 2183 944 2232 dicitur
987 2200 1108 2246 prae
1154 2184 1360 2246 reliquis
1412 2184 1668 2247 membris,
1725 2201 1853 2247 quae

163 2258 264 2306 iam
304 2261 661 2320 apparuerunt.
737 2272 906 2306 arcum
945 2260 1114 2306 autem
1152 2274 1242 2320 pro
1282 2273 1403 2307 arcu
1441 2274 1471 2306 a
1511 2257 1684 2306 Grotio
1717 2262 1851 2307 recte

165 2332 389 2393 positum
427 2347 534 2381 6336
573 2333 672 2380 iam
713 2332 941 2380 concedo.

277 2405 529 2454 Baehrens
545 2421 736 2470 uersuS,
755 2420 879 2469 quos
897 2405 1053 2454 codex
1067 2405 1395 2454 Einsidlensis
1407 2406 1689 2469 fragmento
1708 2406 1853 2454 alteri

163 2479 459 2527 subiunctos
511 2479 685 2543 habet,
740 2480 804 2528 ad
857 2479 989 2527 idem
1035 2481 1370 2542 fragmentum
1418 2480 1667 2541 pertinere
1707 2495 1851 2541 posse

163 2552 308 2601 dixit.
368 2553 461 2601 hoc
491 2553 655 2616 primo
689 2554 873 2602 obtutu
895 2553 1154 2615 probabile
1177 2553 1393 2602 uidetur.
1444 2569 1562 2600 nam
1584 2556 1852 2616 postquam

165 2625 506 2689 Germanicus,
538 2643 666 2689 quae
698 2642 936 2675 cursuum
967 2627 1131 2689 spatia
1163 2627 1247 2676 Sol
1279 2627 1425 2675 Luna
1451 2627 1623 2676 Venus
1654 2627 1848 2675 Mercu-

165 2700 270 2748 rius
317 2701 451 2748 Mars
496 2703 745 2763 tenerent,
792 2701 970 2764 fragm.
1017 2702 1069 2749 II
1112 2704 1287 2750 1-16
1338 2701 1589 2764 exposuit,
1636 2717 1751 2748 eum
1790 2701 1849 2748 de

163 2773 284 2822 Ioue
340 2776 391 2822 et
446 2774 662 2823 Saturno
718 2775 971 2822 dicturum
1027 2790 1131 2823 6336
1187 2777 1520 2837 expectamus.
1603 2775 1662 2822 de
1715 2774 1852 2822 Iouis

166 2850 337 2895 autem
376 2863 526 2896 cursu
564 2851 682 2896 sunt
713 2848 811 2896 duo
842 2847 1033 2909 priores
1063 2864 1240 2897 uersus
1272 2848 1454 2896 codicis
1478 2848 1542 2910 E,
1565 2847 1697 2895 inter
1727 2862 1852 2910 quos

165 2922 218 2969 et
256 2937 354 2985 eOS,
395 2922 482 2985 qui
521 2924 770 2987 secuntur,
810 2921 1122 2971 desideratur
1160 2922 1449 2971 circumitus
1490 2921 1706 2971 Saturni.
1774 2923 1850 2969 at-
