2106 3140
848 130 1187 177 PRAEFATIO
1713 130 1864 176 XXIH

284 258 427 317 Quod
463 258 616 320 piscis
653 258 868 306 borealis
906 274 956 306 11.
990 259 1093 306 247
1134 259 1351 306 dextram
1380 255 1718 306 Andromedae
1755 272 1852 305 oer-

164 338 308 382 netur
339 334 404 381 ad
432 334 616 394 ulnam,
656 334 706 380 et
736 331 798 379 ab
829 331 987 379 Arato
1019 334 1072 379 et
1102 347 1132 378 a
1162 346 1215 379 re
1251 331 1362 392 ipsa
1393 330 1639 379 abhorret.
1681 331 1850 393 itaque

165 407 435 469 Maybaum
458 422 504 467 p.
531 407 598 454 39
626 407 816 453 laeuam
837 421 928 468 pro
959 402 1180 454 dextram
1209 404 1522 453 scribendum
1553 419 1658 452 esse
1683 404 1850 452 existi-

168 483 286 529 mat.
349 479 431 528 0111
468 479 778 527 coniecturae
809 479 1008 527 litterae
1037 478 1281 527 librorum
1312 478 1662 540 obloquuntur.
1708 480 1853 526 tanta

171 556 339 602 autem
375 553 427 600 in
466 552 613 601 rebus
652 552 996 600 astronomicis
1029 552 1310 600 Germanici
1340 552 1603 615 diligentia
1640 551 1752 614 fuit,
1792 554 1852 599 ut

174 643 268 676 :non
305 642 503 689 uerear,
550 641 611 673 ne
651 625 731 674 cui
771 624 933 674 Grotii
970 625 1218 674 sententia
1254 626 1388 673 hunc
1427 641 1645 674 errorem
1688 625 1850 688 magis

178 699 453 749 Germanici
490 715 642 762 quam
678 699 872 746 librarii
910 714 1017 747 esse
1056 699 1301 748 censentis
1349 698 1598 761 probetur.
1676 715 1849 762 quam-

171 790 319 836 quam
358 773 636 836 antiquitus
675 774 894 835 fuerunt,
933 773 1020 835 qui
1060 770 1112 820 ἕν
1150 779 1205 840 τῇ
1247 772 1575 840 σχεδογραφίᾳ
1620 773 1851 821 dextrum

172 847 510 896 Andromedae
541 863 772 894 umerum
801 846 928 908 pisci
957 847 1147 894 boreali
1185 846 1584 909 appropinquare
1617 847 1851 910 dicerent,

169 921 364 969 etiamsi
417 919 470 968 ἐν
523 927 579 987 τῇ
633 918 965 988 οὐρανοθεσίᾳ
1016 920 1095 967 1111
1156 921 1578 983 appropinquaret
1638 920 1850 970 sinister.

171 994 287 1042 haec
341 994 543 1057 quidem
596 994 891 1042 scholiastae
944 992 1120 1042 Aratei
1174 993 1248 1041 ad.
1297 1010 1347 1042 u.
1388 996 1492 1043 249
1557 989 1727 1059 (Arat.
1776 994 1851 1042 ed.

168 1068 364 1116 Bekker
408 1086 454 1130 p.
493 1071 580 1131 72,
615 1070 681 1117 35
733 1060 862 1134 sqq.)
918 1067 1166 1117 sententia
1219 1070 1317 1131 est,
1371 1068 1458 1130 qui
1510 1069 1570 1115 ut
1621 1068 1850 1116 mirabile

168 1141 258 1190 hoc
297 1144 630 1190 commentum
661 1141 909 1204 probaret,
946 1142 1067 1190 haec
1099 1141 1313 1190 addidit:
1352 1138 1595 1206 ἐμπέπηγε
1633 1139 1725 1206 γὰρ
1765 1136 1847 1189 ἐπ’

168 1212 288 1278 ὄψιν
326 1218 391 1285 τῷ
431 1214 629 1285 οὐρανῷ
667 1214 725 1263 τὰ
763 1214 911 1274 ζώὸια
957 1213 1039 1264 καὶ
1076 1213 1135 1263 τὰ
1174 1221 1304 1263 νῶτα
1342 1213 1506 1263 αὐτῶν
1543 1211 1683 1278 ’ἡμεῖς
1729 1212 1850 1279 ὁρῶ-

164 1306 268 1351 μεν.
351 1285 491 1354 ’ἡμεῖς
538 1287 590 1338 δὲ
636 1288 687 1338 τὸ
741 1287 986 1338 ἀνάπαλιν
1038 1287 1096 1337 τὰ
1149 1295 1279 1336 νῶτα
1324 1286 1446 1355 πρὸς
1499 1286 1589 1351 τὴν
1636 1293 1852 1354 σφαῖραν

167 1362 443 1428 γράφομεν·
492 1361 552 1412 οὐ
599 1361 691 1429 γὰρ
733 1361 944 1411 δυνατὸν
991 1361 1044 1411 ἐν
1082 1371 1141 1432 τῇ
1181 1363 1366 1431 σφαίρᾳ
1405 1362 1558 1421 οὕτως
1597 1362 1757 1429 ὥσπερ
1797 1360 1851 1412 ἐν

168 1435 367 1505 οὐρανῷ
435 1444 708 1503 γραφῆναι.
780 1435 840 1486 οὐ
897 1435 989 1502 γὰρ
1039 1434 1102 1484 ἂν
1156 1434 1278 1485 αὐτὰ
1335 1435 1563 1501 ἑωρῶμεν
1617 1430 1710 1503 (cf.
1773 1436 1850 1485 ad.

166 1526 215 1558 u.
251 1513 356 1560 250
379 1529 426 1573 p.
454 1514 538 1575 73,
564 1507 637 1578 3).
698 1511 875 1574 quodsi
905 1511 991 1558 ille
1022 1527 1122 1559 non
1153 1512 1355 1574 erraret,
1386 1511 1438 1558 in
1470 1511 1618 1559 astris
1643 1510 1852 1572 depictis

166 1585 406 1647 quicquid
436 1585 488 1632 in
520 1585 657 1634 06610
690 1586 922 1634 dextrum
959 1587 1081 1648 erat,
1121 1584 1380 1632 sinistrum
1419 1587 1550 1634 esset
1588 1587 1640 1632 et
1677 1598 1851 1632 rursus

165 1659 419 1714 dextrum,
465 1659 704 1722 quicquid
756 1659 808 1706 in
861 1658 949 1706 illo
1004 1658 1263 1706 sinistrum
1310 1660 1430 1706 erat.
1516 1658 1712 1706 etiamsi
1756 1658 1850 1706 hoc
1885 1670 1888 1672 ’

166 1748 484 1795 poneremus,
531 1735 699 1781 tamen
743 1732 796 1780 in
842 1732 1176 1780 describendis
1223 1732 1371 1780 astris
1418 1747 1549 1780 unus
1589 1732 1708 1780 ordo
1749 1747 1850 1780 ser-

164 1806 368 1854 uandus
409 1809 516 1854 erat
569 1806 676 1854 siue
738 1803 1098 1871 οὐρανοθεσίας
1159 1805 1264 1854 siue
1320 1805 1696 1871 σχεὸογραφίας,
1751 1822 1851 1854 non

166 1879 312 1927 modo
352 1880 432 1927 hic
470 1880 616 1928 modo
655 1880 740 1927 1116
781 1879 1074 1942 sequendus.
1153 1895 1280 1942 quae
1319 1884 1491 1927 autem
1520 1880 1674 1927 fuerit
1703 1879 1851 1927 Arati

162 1953 486 2016 consuetudo,
524 1953 842 2016 Hipparchus
883 1947 1168 2019 (comment.
1206 1954 1234 2001 Ι
1270 1969 1309 2002 c.
1341 1953 1414 2000 IV
1446 1951 1477 2014 ξ
1513 1956 1543 2002 5
1562 1969 1666 2016 sqq.
1704 1970 1752 2015 p.
1779 1955 1848 2002 32

163 2020 363 2094 Manit.)
404 2027 560 2076 docet.
620 2027 969 2076 Germanicum
1005 2027 1165 2090 igitur
1200 2027 1294 2075 hoc
1332 2028 1457 2091 loco,
1498 2028 1630 2090 quod
1670 2027 1849 2076 scholi-

165 2103 276 2148 asta
313 2101 397 2148 uel
435 2101 523 2148 alii
560 2101 612 2149 id
650 2116 806 2165 genus
845 2101 1070 2149 homines
1101 2101 1411 2163 delirassent,
1450 2101 1502 2149 id
1533 2116 1709 2149 uerum
1740 2116 1849 2149 esse

161 2174 260 2222 sibi
303 2175 629 2239 persuasisse,
674 2175 762 2223 uix
808 2175 1114 2223 crediderim.
1195 2190 1314 2223 nam
1358 2175 1600 2238 imagines
1645 2174 1719 2223 ita
1765 2174 1847 2223 de-

165 2248 378 2297 scribere
419 2250 558 2308 solet,
598 2251 659 2296 ut
697 2264 866 2297 omnes
899 2249 1002 2297 fere
1033 2249 1225 2312 figurae
1256 2249 1354 2297 nisi
1383 2249 1512 2297 forte
1542 2247 1850 2314 και-ἄγραφοι

164 2326 296 2385 sunt,
334 2323 511 2371 uultus
546 2323 606 2371 de
646 2323 783 2372 caelo
823 2323 887 2371 ad
924 2325 1110 2371 terram
1149 2323 1362 2386 dirigere
1400 2323 1683 2372 uideantur.
1754 2323 1849 2371 hoc

164 2398 335 2443 autem
379 2396 488 2444 1000
533 2397 586 2444 in
631 2397 843 2446 lectione
887 2397 1078 2445 tradita
1116 2413 1273 2459 eaque
1318 2397 1446 2445 falsa
1496 2398 1713 2446 dextram
1758 2396 1848 2444 611-

163 2485 314 2531 quam
362 2471 719 2532 proprietatem
764 2471 848 2518 1161
892 2471 1123 2519 habitum
1169 2471 1397 2519 sinistrae
1437 2486 1614 2519 manus
1652 2470 1847 2518 Andro-

163 2543 352 2605 medae,
392 2559 489 2605 quo
521 2544 611 2591 illa
640 2545 786 2593 facile
819 2545 1021 2593 sinistra
1051 2545 1389 2608 intellegatur,
1420 2545 1578 2593 latere
1610 2545 1845 2606 suspicor.

161 2617 308 2664 uelut
355 2616 675 2666 Germanicus
720 2634 769 2667 11.
805 2620 909 2667 627
957 2619 1187 2667 dextrum
1234 2634 1344 2666 crus
1390 2618 1494 2666 nixi
1531 2619 1583 2666 in
1622 2618 1847 2681 genibus,

162 2690 282 2751 quia
320 2691 461 2738 humi
499 2691 801 2740 submissum
840 2694 936 2756 est,
981 2695 1159 2751 flexum
1196 2692 1496 2752 nominauit,
1545 2707 1697 2755 quare
1742 2691 1846 2739 illic

163 2764 393 2812 Dahmsii
431 2765 718 2813 coniectura
754 2767 916 2814 dextro
954 2782 1044 2828 pro
1075 2769 1200 2825 flexo
1237 2766 1486 2814 reicienda
1525 2771 1612 2814 est.

274 2837 540 2886 Herculem
601 2837 945 2902 GermanicuS,
1005 2842 1065 2888 ut
1116 2856 1165 2888 11.
1219 2842 1284 2888 65
1349 2840 1555 2900 effiyiem
1615 2839 1847 2898 defectam

163 2911 326 2960 labore
380 2915 430 2960 et
475 2929 522 2961 11.
559 2915 663 2962 278
712 2914 944 2974 defectum
990 2915 1126 2962 sidus
1175 2913 1477 2977 nominauit,
1530 2913 1603 2960 ita
1647 2928 1696 2960 u.
1738 2914 1844 2961 272
