2106 3140
167 230 231 273 Vd

121 2769 223 2853 ‘M

248 105 312 150 VI
915 104 1250 149 PRAEFATIO

358 230 523 279 Codex
557 230 886 278 Berolinensis
923 229 1251 277 bibliothecae
1288 229 1499 292 Regiae,
1537 229 1623 279 lat.
1657 231 1749 278 oct.
1794 230 1912 293 149,

247 304 365 353 olim
387 303 713 366 Phillippicus
741 304 914 351 16231
943 295 1124 368 (Catal.
1149 303 1410 350 accession.
1439 304 1593 367 1896,
1622 296 1729 369 62),
1761 318 1913 350 mem-

245 378 532 440 branaceus,
571 377 725 424 nitide
766 376 995 437 scriptus,
1034 375 1220 423 saeculi
1258 375 1361 422 XV.
1401 376 1543 424 cuius
1581 376 1698 424 libri
1736 376 1914 424 folium

250 453 276 498 1
306 451 416 499 adu.
441 450 646 513 praebet
668 451 816 497 haec:
841 449 971 496 Petri
994 449 1050 496 de
1072 449 1115 497 J
1113 450 1285 497 oannis
1309 453 1352 496 et
1373 447 1607 512 Amie0r3.
1633 450 1716 498 fol.
1746 452 1775 498 2
1803 449 1914 498 adu.

245 524 386 572 haec:
436 524 814 572 Vetustissimum
865 523 949 569 hoc
989 516 996 584 Ι
1036 522 1360 582 fragmentum
1409 521 1561 571 Arati
1600 522 1607 583 Ι
1647 525 1701 571 iri
1745 523 1917 572 Sicilia

246 601 534 661 compertum
582 590 589 661 Ι
639 611 745 644 cum
791 597 1078 643 cementario
1123 596 1246 644 uide.
1322 595 1435 643 inde
1482 612 1512 643 a
1556 596 1676 645 folio
1724 598 1753 643 2
1804 597 1916 645 adn.

243 686 403 733 usque
442 671 505 718 ad
549 669 725 718 folium
766 670 795 717 3
837 668 950 717 adu,
995 667 1252 716 inuenitur
1297 669 1406 716 uita
1451 668 1617 730 Arati,
1666 685 1792 732 quae
1838 670 1913 717 in-

244 744 367 806 cipit
413 759 443 791 a
488 742 676 791 uerbis:
722 740 1009 790 ARATVS
1051 741 1345 803 QVIDEM
1384 743 1481 802 fuit
1524 742 1818 792 Athenodori
1865 747 1916 791 et

245 817 427 865 desinit
470 817 523 863 in
568 816 712 864 haec:
758 817 939 876 maym‘i
982 817 1109 875 loqui
1143 818 1317 876 peritie
1363 816 1686 875 mathematice
1737 819 1915 877 reperi-

245 906 362 938 mus.
431 890 515 938 fol.
549 892 579 938 3
622 906 700 938 au.
741 891 976 937 secuntur
1023 889 1233 952 scholia,
1280 905 1492 952 quorum
1538 890 1703 952 capita
1749 893 1799 939 et
1836 890 1917 939 hic

247 966 297 1012 et
348 964 479 1011 infra
531 963 889 1022 inscribuntur,
943 963 1087 1010 uelut
1137 963 1238 1011 hic:
1292 963 1399 1011 DE
1443 962 1666 1012 COELO
1712 966 1762 1012 et
1817 964 1923 1012 DE

244 1036 532 1086 AOVLEO
561 1036 964 1085 SERPENTIS.
1010 1037 1096 1084 fol.
1124 1038 1152 1085 6
1179 1052 1259 1084 au.
1297 1037 1543 1099 incipiunt
1572 1037 1917 1086 Phaenomena

247 1110 539 1174 Germanici,
571 1127 697 1174 quae
728 1111 1092 1159 inscribuntur:
1130 1109 1418 1159 ARATVS
1436 1109 1485 1157 A
1509 1112 1589 1158 M·
1618 1110 1887 1160 TVLLIO
1907 1137 1917 1146 ·

245 1183 610 1233 G'IC'ERONE
639 1182 828 1233 TRAD
842 1183 1071 1233 VOTVS.
1111 1184 1298 1233 scholia
1320 1184 1597 1233 recentiora
1628 1185 1659 1233 i.
1685 1201 1723 1233 e.
1751 1184 1915 1233 Stroz-

243 1258 384 1306 ziana
415 1258 641 1319 carmini,
673 1258 807 1321 quod
836 1257 1010 1305 finitur
1038 1273 1085 1305 11.
1112 1260 1242 1321 430,
1280 1258 1507 1306 immixta
1538 1261 1675 1322 sunt,
1715 1274 1918 1307 uersum

244 1333 562 1382 autem·43O
599 1332 684 1379 sol.
711 1333 777 1380 56
805 1347 883 1381 aU.
937 1331 1120 1393 excipit
1152 1331 1373 1380 scholion
1411 1332 1518 1379 DE
1543 1329 1796 1388 HIDRA,
1837 1333 1919 1380 cui

244 1406 327 1454 fol.
355 1408 421 1455 57
449 1422 526 1454 au.
569 1405 770 1453 additur
806 1399 1140 1468 fragmentum
1177 1405 1250 1452 IV
1291 1407 1573 1455 52—163.
1629 1406 1699 1454 eis
1748 1409 1918 1454 autem

246 1480 460 1543 scholiis,
500 1495 625 1542 quae
667 1481 915 1542 secuntur,
954 1478 1149 1526 adiecta
1188 1481 1305 1526 sunt
1335 1478 1623 1542 Hyginiana
1661 1480 1917 1542 quaedam.

244 1569 362 1601 nam
397 1553 483 1602 fol.
511 1554 576 1602 73
611 1558 689 1601 au..
727 1555 985 1615 tamquam
1022 1567 1210 1600 nouum
1250 1552 1549 1601 scholiorum
1587 1557 1739 1614 caput
1769 1553 1920 1601 Plinii

244 1626 400 1675 uerba
440 1620 510 1694 (n.
543 1628 589 1675 h.
620 1626 790 1674 XVIII
824 1628 923 1675 341
960 1619 1077 1692 sq.):
1117 1627 1288 1675 Primii
1322 1642 1353 1674 a
1390 1626 1496 1675 Sole
1533 1629 1776 1687 capiemus
1805 1642 1919 1687 pre-

245 1703 386 1761 saqia
420 1717 583 1762 puras
627 1703 784 1749 orieris
837 1700 1088 1748 adduntur
1127 1702 1177 1748 et
1223 1715 1282 1748 ex
1326 1699 1517 1763 Hygini
1559 1699 1920 1750 Astronomicis

248 1767 347 1841 (ed.
378 1775 542 1823 Bunte
581 1791 627 1837 p.
656 1776 775 1838 105,
804 1769 880 1839 3):
918 1789 1069 1822 marca
1106 1775 1307 1822 sinistra
1338 1775 1482 1822 boetis
1520 1776 1747 1823 exteriore
1775 1779 1921 1835 parte

246 1850 414 1897 circuli
437 1875 507 1882 -—
533 1852 575 1897 et
604 1863 690 1908 que
720 1851 884 1897 ueniat
912 1849 977 1896 ad
1007 1861 1224 1895 oceasum
1249 1840 1388 1914 (ibid.
1420 1864 1465 1908 p.
1495 1849 1612 1911 105,
1639 1843 1747 1913 22).
1811 1851 1921 1896 tum

245 1922 525 1985 inscriptio:
566 1923 742 1983 QVID
772 1922 879 1970 DE
905 1922 968 1968 M
977 1920 1175 1970 VNDO.
1229 1921 1321 1969 hoc
1353 1937 1549 1984 quoque
1581 1925 1747 1986 caput,
1779 1922 1919 1970 cuius

245 1996 448 2044 initium
487 1999 583 2045 est:
625 1995 857 2044 Conuenit
891 1996 1025 2043 nobis
1061 1996 1263 2043 madum
1301 1996 1360 2043 ab
1401 1999 1564 2043 eoeortu
1601 1997 1666 2043 ad
1702 2011 1922 2044 oceasum

244 2072 369 2119 uerti
399 2073 450 2118 et
479 2070 612 2118 finis:
643 2071 840 2130 impleat
870 2070 1015 2117 lamie
1044 2071 1224 2128 samis,-
1260 2095 1342 2124 —,
1382 2084 1441 2116 ex
1471 2068 1671 2132 Hygino
1696 2062 1765 2135 (p.
1797 2071 1919 2133 105,

249 2145 455 2206 22-p.
483 2146 602 2207 116,
639 2137 731 2210 19)
770 2145 1023 2205 sumptum
1062 2144 1150 2191 est.
1209 2145 1458 2204 postremo
1498 2143 1619 2191 haec
1657 2143 1921 2206 leguntur:

687 2224 886 2273 FINIS
919 2221 1151 2272 ARATI
1182 2222 1319 2271 SED

556 2299 602 2343 P
687 2299 798 2347 lara
841 2299 1034 2357 deficiat
1057 2309 1134 2359 pp
1177 2300 1457 2346 uetustatem

689 2376 731 2421 et
768 2372 1045 2434 Qait'niomi
1083 2373 1362 2432 fractionem

1038 2459 1071 2493 a

688 2506 848 2566 colleyi
883 2517 1072 2567 nequaq
1099 2506 1359 2566 potuerimt
1391 2496 1509 2570 (sic)

689 2582 732 2627 et
761 2593 868 2626 cam
897 2580 1113 2628 maxima
1143 2578 1426 2638 difficultate

245 2659 326 2707 hic
366 2659 518 2708 codex
557 2662 632 2708 est
669 2659 807 2708 illius
839 2659 1039 2723 ordinis,
1079 2675 1226 2722 quem
1266 2658 1387 2707 olim
1415 2658 1623 2706 tertium
1653 2656 1920 2715 nominaui,

246 2748 378 2781 nunc
415 2733 661 2782 Italorum
697 2733 868 2796 potius
907 2733 1130 2781 dixerim.

359 2806 522 2855 Codex
559 2808 863 2856 Matritensis
907 2806 1238 2854 bibliothecae
1278 2806 1566 2869 nationalis,
1605 2819 1809 2852 numero
1854 2806 1917 2853 19

250 2873 395 2943 (olim
425 2880 472 2928 A
499 2882 582 2946 22,
620 2883 795 2943 postea
825 2879 874 2928 A
903 2873 1009 2944 16),
1041 2879 1461 2944 membranaceus,
1499 2879 1659 2927 forma
1690 2877 1921 2940 maxima,
