2106 3140
868 90 1208 136 PRAEFATIO
1788 91 1874 136 VII

205 219 387 267 saeculi
410 218 519 279 XII,
552 217 613 266 ab
637 218 671 265 J
673 233 829 265 oanne
860 217 1039 264 Iriarte
1078 209 1326 282 (Catalog.
1351 215 1671 278 manuscript.
1698 215 1869 264 Graec.

203 310 247 355 p.
283 294 385 341 203
434 291 523 340 col.
559 293 586 339 2
630 283 758 356 sqq.)
813 290 1110 352 descriptus,
1155 290 1278 338 item
1316 305 1346 337 a
1382 289 1433 337 P.
1467 289 1642 338 Ewald
1684 285 1873 354 (Neues

203 366 389 414 Archiv
412 365 499 412 der
523 363 853 412 Gesellschaft
876 364 956 412 fiir
980 363 1132 412 altere
1157 363 1390 412 deutsche
1417 362 1872 412 Geschichtskunde

203 440 274 487 VI
295 455 341 500 p.
362 431 492 504 285)
517 442 568 486 et
591 454 620 486 a
638 437 863 486 Gustauo
886 437 1063 486 Loewe
1088 431 1423 503 (Bibliotheca
1445 439 1646 498 patrum
1668 437 1872 498 Hispan.

203 513 492 575 herausgeg.
523 527 622 561 von
645 511 724 558 W.
748 527 794 560 v.
818 511 1009 573 Hartel,
1032 511 1180 558 Wien
1207 512 1345 560 1887
1372 528 1418 572 p.
1437 512 1540 559 315
1562 503 1705 576 sqq.)
1753 510 1875 557 mihi

202 588 370 634 autem
402 585 662 646 descripsit
691 584 892 632 Manuel
930 583 1137 632 Castillo
1185 587 1387 633 auctore
1426 584 1675 632 Friderico
1714 583 1874 631 Flied-

202 675 303 719 ner,
335 659 444 707 uiro
475 658 900 721 reuerendissimo,
941 658 1027 720 qui
1056 658 1202 721 idem,
1242 674 1367 721 quae
1399 658 1506 706 eius
1538 659 1613 706 est
1645 657 1874 705 humani-

202 735 295 796 taS‚
334 748 364 781 a
394 747 471 780 me
502 734 708 796 rogatus
740 732 799 779 de
833 731 955 780 locis
994 730 1158 779 dubiis
1190 732 1475 794 frequenter
1504 747 1582 779 me
1615 731 1876 780 certiorem

203 806 334 855 fecit.
398 806 609 854 eundem
647 806 831 853 librum
880 805 932 852 in
977 819 1124 852 usum
1168 821 1336 853 meum
1380 806 1520 868 prius
1558 805 1875 853 Eberhardus

202 879 376 943 Vogel,
392 871 510 942 post
522 880 665 927 illum
681 879 715 926 J
717 894 899 927 oannes
917 878 1175 926 Tschiedel
1196 879 1423 927 contulit.
1461 879 1682 941 picturas
1707 880 1877 927 autem

201 953 534 1016 quadraginta
571 955 687 1014 tres,
727 951 907 1015 quibus
931 953 995 999 M
1024 954 1230 1000 ornatus
1268 954 1359 1016 est,
1390 953 1447 1000 E.
1479 953 1636 1000 Bethe
1678 945 1876 1018 (Rhein.

199 1027 326 1075 Mus.
353 1027 414 1074 N.
438 1027 492 1074 F.
510 1026 722 1075 XLVIII
737 1043 783 1088 p.
812 1028 875 1075 91
905 1018 1034 1091 sqq.)
1060 1026 1329 1087 explicauit
1345 1019 1429 1093 (cf.
1447 1026 1598 1074 etiam
1616 1025 1670 1074 Gr.
1690 1026 1876 1088 Thiele,

200 1101 386 1149 Antike
432 1100 837 1148 Himmelsbilder
877 1116 924 1161 p.
965 1101 1066 1148 143
1109 1091 1253 1165 sqq.).
1329 1100 1430 1147 iam
1468 1101 1586 1148 sunt
1622 1099 1709 1162 qui
1746 1100 1877 1147 hunc

200 1174 386 1222 librum
416 1175 704 1222 monasterii
735 1173 981 1222 Casinatis
1012 1174 1166 1221 fuisse
1199 1173 1403 1221 credant
1426 1166 1511 1239 (cf.
1535 1173 1596 1222 H.
1621 1174 1674 1222 F.
1700 1173 1876 1236 Knust,

200 1247 388 1298 Archiv
404 1248 492 1296 der
509 1246 838 1297 Gesellschaft
853 1247 936 1295 fiir
968 1247 1122 1295 altere
1154 1247 1390 1295 deutsche
1418 1246 1876 1296 Geschichtskunde

199 1321 325 1370 VIII
362 1339 409 1384 p.
437 1324 539 1370 176
575 1337 677 1384 sqq.
720 1324 769 1370 et
806 1321 863 1370 E.
895 1321 1173 1384 Dummler,
1218 1321 1385 1369 Neues
1423 1321 1610 1369 Archiv
1657 1321 1744 1368 der
1783 1319 1876 1368 Gre-

201 1396 394 1444 sellsch.
419 1396 452 1445 f.
479 1396 563 1443 alt.
589 1395 826 1443 deutsche
844 1394 1182 1443 Geschichtsk.
1213 1395 1284 1442 IV
1307 1412 1354 1458 p.
1383 1388 1525 1461 102).
1573 1410 1732 1457 neque
1756 1410 1877 1443 uero

200 1469 253 1516 id
291 1485 350 1517 ex
389 1485 444 1518 eo
482 1470 591 1518 loco
643 1469 845 1532 codicis,
886 1469 972 1531 qui
1001 1469 1085 1517 fol.
1118 1471 1187 1518 48
1222 1468 1333 1517 adu.
1375 1469 1678 1532 continetur,
1710 1468 1881 1532 colligi

201 1542 308 1591 iure
347 1545 528 1605 potest.
590 1543 693 1591 illic
732 1542 863 1590 enim
899 1543 1021 1590 haec
1061 1545 1197 1591 sunt:

1491 1616 1617 1664 Item

466 1691 818 1751 martirloyium
848 1691 905 1739 dc
932 1685 1055 1750 pbri
1092 1691 1204 1738 bede
1239 1690 1422 1737 heroico
1460 1691 1616 1751 coposi

464 1766 516 1813 τᾶ
549 1757 703 1812 Retro
739 1764 785 1811 a&
823 1765 1017 1812 aduerte
1051 1765 1271 1824 prudens
1310 1764 1450 1811 lector
1502 1765 1616 1824 quia

465 1838 515 1885 hi
543 1851 715 1886 uersus
746 1852 861 1898 quos
890 1838 1018 1886 obelo
1049 1838 1095 1885 ὠ
1125 1838 1364 1886 chrimons
1386 1839 1439 1886 in
1462 1839 1615 1898 capite

455 1915 734 1972 prenotatos
776 1914 1020 1960 inueneris
1076 1912 1307 1960 aberchen
1341 1915 1432 1974 =pto
1455 1915 1615 1960 'mona

467 1985 549 2033 cho
571 1987 850 2034 monasterii
870 1983 940 2034 s'cz‘
963 1986 1189 2034 benedicti
1208 1986 1266 2034 de
1282 1989 1436 2034 castro
1453 1987 1614 2034 casino

469 2060 580 2108 editi
616 2063 741 2108 sunt.
778 2085 840 2092 —

200 2132 253 2180 in
302 2133 496 2195 syllaba
545 2133 626 2187 dc,
677 2149 804 2196 quae
855 2135 971 2181 ante
1012 2128 1133 2193 pbri
1181 2135 1282 2196 est,
1330 2132 1386 2180 L.
1427 2133 1622 2180 Traube
1673 2124 1879 2198 (Poetae

202 2206 371 2254 Latini
418 2206 531 2254 aeui
570 2205 789 2255 Carolini
826 2207 903 2254 III
940 2223 986 2269 p.
1015 2199 1144 2272 763)
1192 2208 1357 2255 domni
1393 2206 1551 2254 latere
1599 2206 1879 2268 suspicatus

203 2283 304 2342 est,
358 2280 480 2328 mihi
532 2296 654 2328 uero
716 2280 806 2328 illa
859 2281 1068 2329 delenda
1127 2280 1352 2344 uidetur,
1413 2280 1706 2342 praesertim
1767 2295 1880 2327 cum

205 2352 459 2402 Gustauus
497 2354 674 2403 Loewe
713 2356 769 2403 de
808 2369 1006 2403 erasum
1044 2369 1150 2402 esse
1189 2354 1383 2402 dixerit.
1460 2355 1709 2408 chrimons,
1749 2352 1880 2416 quod

206 2426 462 2475 Tschiedel
498 2429 714 2476 testatus
762 2430 859 2492 est,
906 2444 965 2476 ex
1010 2429 1270 2477 chrismone
1315 2429 1604 2490 corruptum
1652 2426 1877 2475 arbitror.

204 2499 453 2548 chrismon
498 2503 667 2549 autem
705 2504 781 2550 est
819 2496 1077 2566 χρήσιμον,
1116 2501 1175 2550 de
1215 2502 1357 2550 cuius
1408 2502 1539 2565 signi
1578 2501 1738 2550 critici
1760 2515 1880 2548 usu

206 2573 592 2634 disputauerunt
616 2575 670 2624 O.
695 2575 932 2639 Ribbeck,
964 2576 1089 2638 prol.
1112 2575 1300 2639 Vergil.
1327 2593 1373 2638 p.
1402 2577 1533 2639 1623
1573 2574 1629 2624 Gr.
1654 2574 1878 2635 Kettner,

205 2646 331 2695 Krit.
365 2647 744 2712 Bemerkungen
774 2665 836 2697 zu
859 2649 1018 2697 Varro
1057 2665 1105 2697 u.
1138 2650 1226 2698 lat.
1254 2648 1520 2698 Glossaren
1559 2640 1878 2715 (Rossleben)

204 2720 352 2768 Halle
403 2723 541 2770 1868
589 2738 637 2783 p.
672 2723 763 2785 35,
809 2738 839 2770 a
877 2739 974 2785 quo
1016 2739 1075 2771 ex
1121 2723 1288 2771 codice
1337 2723 1553 2787 quodam
1597 2721 1880 2770 Monacensi

204 2796 440 2843 crisomon
478 2795 706 2859 affertur3
744 2795 824 2843 W.
857 2795 1215 2861 Wattenbach,
1261 2797 1364 2846 Das
1412 2796 1762 2845 Schriftwesen
1807 2795 1876 2842 im

194 2861 523 2918 Mittelalter3
560 2885 608 2931 p.
649 2871 777 2932 3313
823 2869 976 2934 idem,
1007 2869 1193 2918 Anleit.
1239 2887 1326 2919 zur
1370 2871 1457 2919 lat.
1496 2862 1881 2933 Palaographie‘*
