2106 3140
830 122 1169 168 PRAEFATIO
1770 123 1835 166 IX

170 249 330 312 qualis
375 264 495 297 uero
533 248 723 297 indoles
763 250 813 296 et
850 250 1031 296 natura
1074 248 1232 296 totius
1278 246 1460 296 codicis
1506 249 1661 311 esset,
1698 249 1833 309 post-

170 339 318 385 quam
357 322 590 385 cognoui,
627 322 728 369 iam
766 338 865 370 non
903 322 1098 384 dubito,
1138 321 1258 383 quin
1299 320 1385 368 ille
1425 320 1485 368 ab
1525 320 1624 368 alio
1664 321 1832 368 arche-

165 400 286 459 typo
325 396 575 457 profectus
614 395 680 443 sit
710 397 859 457 atque
890 394 939 442 A
971 398 1021 443 et
1049 395 1113 443 Β.
1162 395 1346 443 etenim
1383 409 1686 456 quamquam
1716 394 1834 442 ordo

166 485 405 518 uersuum
441 471 558 518 169.
594 470 710 517 168.
755 471 858 518 170
904 468 1107 517 librario
1146 467 1263 532 ipsi⁷
1313 483 1413 516 non
1451 468 1672 529 exemplo
1714 467 1834 531 eius,

167 543 334 591 deberi
384 544 572 606 potest,
617 544 784 591 tamen
836 542 1024 590 multae
1069 542 1328 606 lectiones,
1377 541 1481 590 siue
1526 556 1676 588 uerae
1729 541 1835 589 siue

166 616 320 664 falsae
359 618 498 679 sunt,
536 616 598 663 ab
636 614 686 662 A
726 618 775 664 et
812 615 862 662 Β
900 615 1023 664 adeo
1062 616 1336 676 discedunt,
1373 617 1433 663 ut
1469 615 1537 662 M
1569 630 1628 662 ex
1666 615 1837 663 eodem

167 690 304 738 fonte
336 692 485 752 atque
522 689 599 736 illi
628 689 828 737 fluxisse
859 692 1087 751 nequeat.
1144 705 1201 737 ex
1232 689 1412 752 quibus
1446 688 1658 749 exempli
1689 703 1836 736 causa

167 763 377 826 apposui
414 763 559 811 hasce
592 763 760 825 eisque
799 763 1036 810 lectiones
1067 761 1116 809 A
1155 766 1204 811 et
1242 764 1291 809 Β
1330 763 1511 811 adieci:
1550 762 1732 811 Phaen.
1768 763 1833 810 18

165 836 292 885 Aoeis
329 841 406 885 sat
441 841 596 885 ‘motus
634 836 738 896 (Aac
775 838 938 885 sisatis
975 841 1129 885 motus
1165 836 1215 883 A
1253 835 1379 885 Aoesi
1415 838 1535 885 satis
1572 840 1732 884 mutus
1761 835 1835 896 B)

167 913 232 958 21
269 914 526 959 extremum
557 912 656 971 ayit
699 909 820 971 (ayit
852 913 1108 958 extremum
1140 908 1269 971 AB)
1313 912 1377 959 71
1414 911 1644 958 ariadneo
1675 912 1838 958 sacrat

166 987 294 1032 astat
343 986 452 1044 igme
513 982 790 1043 (ariadneos
840 987 1036 1032 sacrata
1086 986 1237 1044 stione
1289 982 1421 1044 AB)
1493 985 1598 1032 120
1653 985 1838 1044 ary-enti

166 1059 315 1106 creuit
345 1057 518 1117 (creuit
547 1060 731 1118 amenti
760 1055 892 1118 AB)
944 1059 1045 1106 122
1089 1059 1148 1106 ab
1190 1059 1382 1106 excelsis
1423 1058 1705 1106 descendens
1752 1055 1835 1116 (ab

166 1145 223 1180 ea
254 1132 533 1180 descendens
555 1130 685 1192 AB)
728 1134 831 1180 204
863 1132 1099 1192 fulyetque
1130 1128 1274 1190 (lucet
1304 1146 1399 1191 qua
1422 1127 1497 1196 A)
1536 1131 1643 1178 214
1675 1132 1834 1179 lateri-

164 1219 253 1264 que
306 1202 497 1266 (laryiq.
542 1203 614 1266 A)
677 1206 783 1254 314
840 1204 988 1253 Orion
1039 1206 1249 1254 humeris
1308 1203 1448 1266 (Orio
1499 1206 1717 1253 numeris
1764 1202 1836 1263 A)

166 1279 273 1328 370
311 1280 454 1328 istam
494 1277 672 1340 (ipsam
709 1277 780 1340 A)
843 1280 947 1328 389
999 1281 1198 1338 flamma
1238 1277 1439 1340 (mayna
1475 1276 1547 1338 A)
1608 1279 1713 1327 449
1746 1292 1838 1338 pes

165 1415 232 1460 est
267 1412 341 1460 illi
378 1404 494 1477 (per
530 1413 653 1460 stelli
682 1409 848 1460 Ama
877 1367 1020 1472 peje.
1082 1413 1198 1460 stilla·
1230 1426 1285 1460 ex
1315 1426 1435 1460 corr.
1470 1410 1671 1470 Am.2)
1729 1412 1833 1459 465

164 1487 316 1534 toruis
354 1484 506 1544 (orbis
535 1483 607 1545 A)
650 1487 751 1534 571
794 1487 846 1533 in
884 1489 1074 1534 austros
1113 1484 1187 1544 (in
1226 1501 1304 1534 au.
1335 1483 1407 1545 A)
1452 1485 1628 1548 fragm.
1660 1483 1731 1531 IV
1768 1485 1833 1532 18

165 1559 283 1607 liber
314 1556 466 1618 (libra
495 1557 567 1619 A)
613 1561 682 1607 44
715 1559 914 1607 Marcia
945 1558 1179 1620 (Maritia
1202 1557 1272 1619 A)
1323 1561 1389 1607 52
1423 1562 1594 1607 taurus
1618 1550 1838 1617 (austras

164 1630 237 1693 A)
288 1634 391 1681 128
425 1633 635 1681 culmina
663 1634 840 1681 nimbis
878 1631 1167 1693 (culminant
1194 1634 1371 1680 imbres
1393 1630 1478 1694 A).
1526 1631 1696 1694 itaque
1736 1632 1835 1680 duo

165 1706 390 1754 codicum
426 1706 608 1769 prioris
647 1706 832 1754 ordinis
873 1703 926 1756 Ο
962 1706 1125 1755 fontes
1165 1701 1266 1770 (O1
1299 1708 1349 1754 et
1393 1700 1512 1771 ΟΠ)
1553 1705 1706 1754 fuisse
1745 1722 1835 1767 pu-

165 1779 305 1828 tandi
345 1782 484 1844 sunt,
530 1782 591 1827 ut
629 1782 680 1827 et
724 1778 834 1826 AB
882 1783 932 1828 et
968 1780 1016 1826 P
1059 1774 1387 1844 (Parisinus),
1442 1779 1501 1827 de
1557 1795 1654 1841 quo
1706 1779 1838 1827 infra

164 1853 396 1917 dicemuS,
436 1870 495 1901 ex
531 1848 605 1903 ΟῙ
642 1855 692 1902 et
729 1853 910 1916 reliqui
941 1853 1111 1902 classis
1147 1850 1201 1904 Ο
1237 1854 1353 1902 libri
1393 1869 1452 1901 ex
1487 1847 1582 1903 ΟΠ
1610 1868 1836 1902 manasse

162 1926 444 1975 uideantur.

276 1999 440 2049 Codex
469 2002 787 2057 Matritensis,
819 2000 865 2047 V
898 2002 1002 2050 215
1037 2001 1279 2065 signatus,
1316 2001 1645 2050 bibliothecae
1675 2000 1834 2049 natio·
1859 2015 1926 2060 Vc

164 2074 307 2138 nalis,
338 2075 759 2139 membranaceus,
786 2076 945 2124 forma
969 2075 1227 2139 quadrata,
1251 2074 1342 2122 XV
1368 2075 1569 2140 saeculi,
1608 2074 1836 2136 pulcher-

163 2148 286 2196 rime
318 2149 534 2211 scriptus
565 2149 836 2212 nitidisque
866 2149 1169 2212 imaginibus
1201 2150 1420 2198 ornatus.
1475 2164 1623 2211 quem
1652 2147 1837 2196 librum

164 2221 503 2270 beniuolentia
541 2225 592 2271 et
629 2223 857 2272 benificio
896 2223 1161 2271 ministerii
1204 2223 1362 2287 Regii,
1402 2223 1535 2285 quod
1571 2222 1719 2270 rebus
1758 2237 1835 2270 ec-

167 2295 475 2359 clesiasticiS,
531 2296 862 2360 scholasticis,
916 2296 1295 2345 medicinalibus
1341 2298 1558 2360 praeest,
1605 2296 1658 2343 in
1708 2296 1836 2344 hanc

163 2368 338 2417 urbem
381 2370 731 2419 transmissum
778 2371 885 2433 ipse
924 2371 1129 2419 contuli.
1193 2370 1346 2418 habet
1384 2372 1554 2418 autem
1595 2371 1663 2419 60
1700 2369 1835 2433 folia,

166 2457 468 2504 quamquam
507 2446 572 2493 61
622 2446 886 2493 numerata
931 2448 1059 2493 sunt.
1128 2445 1322 2492 numeri
1360 2444 1491 2492 enim
1534 2443 1769 2492 foliorum
1807 2458 1837 2490 a

166 2515 287 2564 folio
327 2516 704 2580 quadragesimo
743 2520 1007 2566 transeunt
1044 2518 1107 2566 ad
1146 2518 1583 2581 quadragesimum
1620 2518 1837 2565 alterum

164 2605 324 2652 neque
349 2592 523 2638 tamen
557 2591 823 2654 quicquam
853 2592 1005 2640 deest.
1060 2591 1144 2640 fol.
1179 2595 1206 2641 1
1243 2591 1354 2640 adu.
1387 2592 1626 2655 leguntur
1654 2591 1798 2639 haec:

427 2677 1108 2742 FRAGMENTVM-fivia·
1148 2678 1461 2729 COMEN'I'O

427 2750 634 2800 ARATI
667 2753 893 2802 NVPER
926 2754 952 2802 I
991 2753 1235 2802 SICILIA
1262 2751 1607 2802 REPERTVS
1640 2744 1760 2818 (sic)

164 2827 402 2874 secuntur
453 2826 562 2873 uita
607 2826 753 2875 Arati
805 2829 857 2875 et
900 2828 1089 2876 scholia
1131 2828 1426 2891 recentiora,
1481 2841 1606 2889 quae
1651 2825 1766 2874 inde
1806 2839 1837 2871 a

163 2898 350 2947 uerbis:
395 2898 531 2948 OEL
542 2900 652 2949 VM
686 2901 874 2950 circvlis
904 2903 1109 2962 quinque
1137 2917 1296 2964 usque
1329 2901 1392 2949 ad
1421 2900 1597 2949 uerba:
1637 2899 1832 2949 comum&
