2106 3140
700 124 886 169 ARATI
915 125 1338 192 PHAENOMENA

176 252 228 299 et
266 265 446 299 coruus
482 249 657 311 pennis
696 251 747 298 et
783 266 941 312 paruo
979 250 1194 312 pondere
1233 252 1394 298 crater

177 326 227 373 et
266 323 429 386 spatio
467 322 679 384 triplicis
716 323 962 372 formatus
1002 323 1174 372 sideris
1211 324 1410 386 hydros

51 398 151 448 450
289 396 391 445 Sub
430 396 640 459 geminis
678 413 939 459 procyon
976 397 1192 461 fulgenti
1229 397 1416 446 lumine
1456 398 1630 462 surgit.

49 473 148 521 451
217 468 221 473 ’
286 470 381 519 Hic
419 469 556 518 caelo
596 472 801 518 ornatus
839 471 1060 519 trahitur
1094 473 1388 533 noctemque
1428 471 1671 533 diemque.

176 559 280 592 sors
320 558 412 591 sua
450 543 631 605 cuique
671 543 790 591 data
829 547 925 608 est,
965 545 1116 593 semel
1155 544 1419 608 adsignata
1458 547 1667 593 tuentur

173 617 353 666 inmoti
390 617 500 665 loca
538 632 627 665 nec
665 617 814 681 longo
853 620 1116 666 mutantur
1151 618 1204 666 in
1243 634 1382 667 aeuo.

48 693 150 742 454
286 690 560 753 Quinque
602 690 729 739 aliae
770 692 988 739 stellae
1029 692 1226 740 diuersa
1263 693 1371 756 lege
1410 692 1643 740 feruntur

174 767 225 814 et
262 764 463 827 proprio
501 767 643 812 motu
681 765 865 813 mundo
906 766 1155 813 contraria
1192 766 1412 814 uoluunt

173 839 423 888 curricula
461 838 800 900 exceduntque
838 839 947 887 loco
988 841 1037 887 et
1075 839 1291 903 uestigia
1328 842 1541 887 mutant.

173 913 310 961 haud
347 911 576 974 equidem
613 911 772 974 possis
812 912 910 960 alio
952 912 1236 976 contingere
1276 913 1439 976 signo,

174 1002 303 1050 quae
343 985 483 1033 diuis-
513 985 664 1034 sedes.
739 985 854 1034 hinc
893 987 1045 1048 atque
1083 986 1198 1034 hinc
1238 1002 1383 1048 saepe
1422 987 1660 1035 uidentur

174 1075 377 1110 occasus
416 1060 668 1121 ortusque.
745 1076 905 1122 neque
946 1061 1201 1108 anfractus
1238 1060 1405 1108 breuis
1436 1061 1561 1124 illis,

174 1148 486 1196 annosasque
523 1133 634 1181 uias
673 1133 847 1181 tardus
885 1133 974 1181 uix
1010 1133 1204 1196 perficit
1243 1134 1387 1182 orbis.

171 1208 265 1257 hoc
305 1223 429 1270 opus
468 1207 662 1255 arcanis
701 1223 766 1255 an
803 1207 1001 1256 credam
1037 1208 1298 1270 postmodo
1338 1208 1514 1272 musis,

172 1283 371 1344 tempus
410 1282 462 1330 et
498 1281 604 1343 ipse
642 1281 804 1346 labor,
842 1281 1104 1343 patiantur
1141 1282 1268 1345 fata,
1310 1282 1518 1331 docebit.

46 1359 152 1406 462
287 1355 555 1419 Signorum
591 1358 784 1419 partes,
825 1371 1039 1417 quorum
1077 1358 1151 1404 est
1189 1355 1445 1418 praedicta
1482 1355 1666 1419 figura,

176 1445 363 1478 annum
400 1429 646 1491 expleturi
683 1429 977 1491 praecidunt
1016 1432 1258 1491 quattuor
1296 1429 1440 1478 orbis.

174 1503 444 1551 interualla
482 1502 638 1551 trium
675 1506 989 1551 transuersus
1029 1503 1236 1567 colligat
1272 1519 1419 1551 unus.

172 1593 264 1626 nec
301 1593 394 1639 par
432 1579 508 1625 est
544 1576 646 1625 illis
686 1577 929 1639 spatium:
968 1577 1066 1625 duo
1105 1593 1322 1639 namque
1360 1577 1592 1625 feruntur

1780 128 1849 181 27

1876 563 1943 597 435

1877 933 1944 964 440

1878 1300 1946 1333 445

166 1739 272 1792 post
316 1734 535 1777 scholium
579 1732 633 1776 de
669 1733 819 1789 hydra
857 1733 1022 1790 leqitur
1059 1733 1276 1790 fraqu
1284 1731 1323 1773 V
1343 1734 1555 1776 52—163
1586 1733 1640 1776 de
1681 1732 1751 1774 Va
1796 1733 1854 1786 cf.

166 1794 318 1850 praef.
351 1793 493 1836 XIII
524 1793 530 1850 Ι
565 1795 650 1835 431
683 1797 725 1835 et
754 1795 840 1835 432
873 1806 957 1836 om.
981 1793 1027 1836 0
1072 1793 1087 1847 ΙΙ
1132 1796 1218 1834 432
1250 1790 1449 1847 triplicis
1481 1807 1507 1846 γ
1561 1789 1739 1847 triplici
1771 1792 1816 1834 Z
1847 1790 1854 1849 Ι

172 1852 400 1895 formatus
433 1852 510 1895 Ba.
539 1865 597 1894 m.
621 1855 648 1894 1
681 1850 725 1894 L
793 1850 1020 1894 formatur
1050 1851 1128 1894 Ba
1157 1865 1213 1895 m.
1238 1853 1270 1894 2
1337 1851 1352 1907 ΙΙ
1420 1853 1506 1893 433
1546 1848 1749 1905 fulgenti
1787 1849 1857 1892 lu—

172 1910 298 1954 mine
328 1911 374 1955 0
427 1908 659 1966 fulgentia
690 1908 868 1952 lumina
900 1912 946 1954 Z
1086 1912 1329 1953 434—436
1359 1923 1441 1953 om.
1467 1910 1568 1954 AP
1616 1912 1858 1953 434—437

171 1984 256 2015 om.
283 1970 342 2014 M
371 1972 386 2022 ΙΙ
420 1972 508 2012 436
538 1968 710 2012 Inmoti
739 1983 795 2013 ex
823 1967 1019 2012 Inmorti
1048 1968 1119 2026 (In
1148 1968 1288 2012 morti
1318 1969 1398 2012 Ba
1419 1973 1515 2012 m.1
1542 1969 1558 2012 l
1611 1968 1664 2010 In
1694 1967 1857 2011 mortis

173 2029 252 2073 Ba
281 2043 337 2073 m.
361 2031 410 2084 2)
443 2028 488 2072 L
539 2027 727 2071 Immoti
756 2045 783 2084 γ
840 2029 846 2085 1
904 2028 1044 2084 longo
1076 2028 1154 2071 Ba
1183 2043 1240 2072 m.
1265 2030 1298 2071 2
1328 2027 1372 2071 L
1423 2027 1562 2083 longe
1594 2027 1672 2070 Ba
1702 2026 1859 2085 m.1{l

171 2092 260 2132 437
295 2086 508 2142 Quinque
539 2085 662 2130 aliae
694 2086 860 2130 stellae
884 2086 960 2131 A*
1016 2086 1198 2142 Quique
1230 2086 1352 2130 aliae
1384 2085 1425 2129 si
1457 2085 1624 2129 stellae
1655 2086 1700 2130 A
1749 2084 1857 2138 Qui-

173 2161 264 2203 que
296 2145 387 2205 alie
420 2145 587 2190 stellae
618 2146 665 2189 P
701 2146 765 2189 At
807 2145 1013 2201 quinque
1053 2146 1219 2190 stellae
1252 2148 1298 2190 Z
1351 2146 1356 2203 Ι
1412 2145 1518 2201 lege
1551 2145 1595 2189 Ο
1641 2144 1738 2200 legi
1768 2146 1814 2189 A
1848 2144 1856 2204 Ι

172 2206 384 2250 feruntur
409 2206 453 2251 G
478 2206 699 2248 curantur
722 2206 767 2249 P
785 2206 800 2262 n
823 2209 909 2249 438
938 2206 1239 2250 Germanicus
1263 2205 1391 2261 apud
1414 2204 1546 2249 Arat.
1571 2219 1617 2248 u.
1632 2207 1723 2248 455
1753 2205 1860 2261 leyit

172 2265 417 2309 πάντοθεν
462 2265 520 2319 cf.
551 2264 777 2322 Philoloq.
809 2265 1041 2309 Abhandl.
1090 2263 1159 2308 M.
1184 2264 1328 2308 Hertz
1365 2264 1572 2321 daryebr.
1599 2277 1648 2319 p.
1674 2266 1811 2319 46341.
1843 2263 1859 2322 Η

175 2328 263 2369 439
296 2323 526 2367 curricula.
559 2325 605 2367 Z
646 2323 874 2367 curriculo
897 2325 944 2369 0
966 2325 981 2380 ΙΙ
1003 2339 1049 2368 u.
1074 2327 1160 2367 439
1192 2325 1355 2379 finitur
1377 2322 1445 2366 Va
1468 2325 1482 2378 ss
1505 2325 1747 2367 440-442
1774 2337 1856 2366 om.

174 2383 276 2427 AP
302 2385 539 2427 440-443
563 2396 647 2428 om.
665 2383 728 2426 M
742 2384 758 2439 ΙΙ
781 2387 868 2426 440
891 2382 1043 2439 possis
1066 2399 1092 2439 γ
1124 2381 1301 2438 possim
1326 2383 1535 2438 (possent
1557 2382 1634 2425 Ba
1650 2383 1768 2437 m.2)
1787 2383 1832 2425 Z
1848 2381 1854 2440 Ι

177 2442 270 2484 alio
297 2443 342 2486 Z
399 2441 495 2485 ullo
522 2455 548 2485 σ
599 2443 615 2498 ss
666 2446 752 2485 441
786 2441 910 2485 diuis
944 2442 1077 2485 sedes
1102 2442 1153 2486 Ε
1210 2440 1645 2485 ᾶίιιί*εε.*(11*6ε
1676 2442 1781 2494 (sic)
1815 2441 1860 2484 L

176 2499 332 2544 diuisa
377 2499 477 2544 dies
516 2501 533 2544 l
594 2499 748 2543 diuisa
794 2501 910 2546 die*
940 2501 1019 2544 Ba
1067 2504 1073 2556 1
1132 2499 1266 2553 Quod
1313 2499 1498 2543 diuersa
1543 2498 1623 2542 uia
1669 2501 1742 2543 est
1780 2516 1806 2555 γ
1843 2498 1860 2558 ΙΙ

174 2564 262 2603 442
295 2558 534 2602 anfractus
564 2574 592 2604 v
635 2560 651 2616 ΙΙ
703 2563 789 2602 443
821 2560 1128 2615 Annosasque
1161 2562 1207 2603 Z
1255 2559 1569 2614 Annonasque
1600 2560 1646 2603 Ο
1702 2561 1707 2612 Ι
1764 2559 1860 2601 tar-

178 2619 264 2662 dus
297 2617 376 2661 uix
408 2620 454 2662 Z
501 2616 684 2661 tardius
715 2619 762 2662 P
799 2622 805 2674 Ι
850 2618 1034 2674 perficit
1066 2621 1112 2663 Z
1160 2617 1411 2675 pr(a)eficit
1438 2619 1484 2663 0
1536 2619 1551 2674 ΙΙ
1604 2621 1690 2660 444
1723 2630 1784 2660 an
1813 2618 1860 2662 0

178 2679 218 2721 si
244 2679 289 2722 Z
309 2681 323 2732 ΙΙ
346 2681 431 2720 445
456 2675 699 2733 patiantur
720 2678 766 2722 0
795 2677 1007 2733 patiatur
1031 2680 1077 2722 Z
1100 2681 1106 2731 1
1133 2677 1235 2720 fata
1259 2679 1305 2721 Z
1352 2676 1481 2720 facta
1503 2678 1549 2721 0
1577 2680 1582 2731 Ι
1611 2675 1797 2719 docebit
1822 2676 1866 2720 G

178 2737 413 2781 docebunt
438 2735 608 2779 A*B⁸
630 2738 731 2781 m.2
855 2740 941 2780 446
974 2739 1046 2780 est
1068 2738 1114 2781 0
1145 2751 1228 2781 om.
1256 2738 1302 2781 Z
1331 2737 1422 2793 (sed
1459 2735 1609 2791 figura
1641 2737 1714 2778 est
1743 2735 1813 2790 E)

175 2800 262 2840 447
316 2794 594 2852 praecidunt
632 2809 658 2838 6
734 2794 1045 2852 pr(a)edicunt
1077 2797 1122 2841 Ο
1156 2797 1163 2851 Ι
1205 2794 1330 2839 orbis
1361 2794 1407 2838 A
1461 2794 1595 2838 orbes
1635 2793 1818 2837 PA*Z

176 2858 264 2898 448
295 2853 553 2898 Interualla
613 2853 755 2911 (Inter
784 2853 915 2897 ualla
944 2855 1024 2912 M)
1058 2855 1103 2899 0
1148 2854 1275 2898 Inter
1303 2853 1435 2897 nulla
1465 2853 1511 2898 A
1555 2856 1561 2907 Ι
1596 2851 1789 2907 colligat
1821 2852 1866 2896 G

178 2913 362 2970 colligit
402 2913 530 2959 PB*
559 2927 616 2958 m.
641 2915 673 2958 2
717 2915 733 2969 ΙΙ
785 2917 872 2957 449
910 2927 996 2970 par
1031 2915 1104 2957 est
1170 2913 1267 2956 illis
1305 2929 1332 2968 γ
1385 2925 1469 2968 per
1507 2910 1634 2955 stelli
1671 2911 1717 2954 A
1747 2925 1803 2954 m.
1829 2914 1870 2954 1·
