2106 3140
254 152 449 198 XXVIII
937 151 1276 197 PRAEFATIO

262 281 350 344 qui
387 279 439 327 in
476 278 554 327 his
593 277 824 326 extremis
863 276 1091 325 uersibus
1131 277 1303 325 eadem
1341 277 1472 326 inest
1510 278 1770 342 sententia,
1810 294 1940 341 quae

262 353 489 402 uersibus
529 354 560 400 8
602 354 653 399 et
693 352 721 399 9
762 350 1032 413 fragmenti
1068 350 1120 397 II
1155 350 1396 414 traditur,
1432 351 1529 400 nisi
1568 352 1701 415 quod
1740 352 1945 400 citatior

262 442 436 477 cursus
474 424 675 473 lentiori
711 424 1025 486 praepositus
1065 425 1154 471 est.
1215 423 1403 485 priores
1433 425 1592 489 igitur
1622 441 1797 474 uersus
1823 425 1942 474 Ger-

261 500 442 549 manici
481 514 586 547 esse
625 499 836 560 possunt
872 512 1032 559 neque
1069 498 1238 544 tamen
1275 513 1354 546 res
1398 498 1634 548 incohata
1678 500 1941 562 insequen-

261 575 397 623 tibus
428 572 657 621 uersibus
689 571 1025 633 continuatur,
1059 570 1145 618 sed
1170 586 1241 630 ea,
1274 587 1401 634 quae
1431 573 1532 620 iam
1555 573 1780 635 exposita
1810 575 1943 636 sunt,

260 649 521 696 iterantur.
599 659 726 708 quae
775 659 887 692 cum
933 643 1006 691 ita
1051 643 1172 705 sint,
1222 659 1398 694 uersus
1436 646 1772 695 Einsidlenses
1821 645 1942 695 Ger-

261 721 442 769 manici
481 734 585 767 esse
623 717 748 765 mihi
785 717 1080 779 persuadere
1118 733 1218 766 non
1255 719 1411 780 potui.

372 795 569 856 Fragm.
607 791 711 839 IIII
751 793 819 839 20
859 791 986 839 laeta
1023 791 1168 853 posui
1205 808 1295 853 pro
1336 794 1455 842 lacte
1494 795 1545 841 et
1576 761 1660 852 lete
1698 793 1944 840 membr-a

261 884 452 916 narum.
530 868 656 915 laeta
694 866 865 913 autem
901 864 966 912 ad
1002 866 1182 914 modice
1220 882 1416 928 quoque
1455 867 1771 915 referendum
1800 867 1943 930 ducO,

261 944 319 989 ut
360 940 681 990 Germanicus
720 939 933 987 Iouem'
919 955 971 985 m
1003 939 1267 1002 sagittario
1298 939 1451 987 hiemi
1483 955 1574 988 sua
1607 940 1769 989 sidera
1799 957 1943 988 num-

264 1031 415 1078 quam
439 1016 580 1070 laez‘a,
618 1014 671 1060 in
702 1012 989 1074 capricorno
1022 1015 1189 1060 tamen
1212 1015 1391 1062 modice
1415 1015 1542 1062 laeta
1565 1014 1768 1062 reddere
1793 1014 1945 1063 dicat.

369 1089 567 1152 Fragm.
599 1087 702 1135 IIII
734 1088 802 1134 42
835 1086 952 1133 libri
983 1086 1168 1134 babent
1206 1088 1425 1147 adprime
1455 1090 1506 1135 et
1537 1090 1602 1137 ad
1622 1090 1819 1149 primae
1851 1104 1944 1150 pro

262 1167 313 1211 at
355 1165 572 1225 primae,
635 1160 767 1223 quod
818 1159 998 1208 Iriarte
1053 1160 1292 1224 coniecit,
1354 1161 1567 1210 fortasse
1629 1166 1768 1222 atque
1819 1164 1947 1210 imae

260 1236 575 1285 scribendum
613 1237 704 1283 est.
763 1249 923 1295 neque
961 1236 1130 1281 tamen
1175 1237 1385 1295 scorpios
1423 1239 1564 1295 atque
1599 1237 1726 1284 imae
1762 1251 1944 1298 ponere

259 1310 443 1373 ausim,
491 1309 608 1372 quia
656 1307 980 1356 Germanicus
1027 1307 1327 1368 particulam
1374 1313 1514 1369 atque
1566 1310 1780 1358 secundo
1835 1310 1945 1357 loco

262 1398 536 1446 numquam
574 1381 757 1444 posuit.

371 1457 567 1520 Fragm.
600 1455 672 1503 IV
709 1458 774 1504 73
807 1456 884 1502 est
920 1454 1060 1502 locus
1093 1456 1448 1520 conclamatuS,
1486 1472 1634 1518 quem
1671 1456 1819 1504 multi
1845 1456 1947 1504 iam

260 1532 449 1579 frustra
479 1531 869 1592 temptauerunt.
918 1544 1009 1591 ego
1050 1531 1219 1576 autem
1250 1529 1598 1590 coniecturam,
1640 1545 1790 1592 quam
1827 1546 1946 1578 uero

261 1605 484 1668 proxime
524 1605 695 1652 abesse
737 1602 897 1666 credo,
935 1603 1122 1664 recepi:

803 1714 918 1760 haec
956 1713 1041 1760 tibi
1078 1714 1220 1773 siqua
1259 1714 1392 1763 dabit
1429 1729 1537 1762 cum
1576 1716 1704 1763 luce
1741 1728 1951 1763 serena

337 1790 610 1850 inyrediems
656 1787 817 1836 Venus
857 1787 988 1835 alma
1017 1787 1202 1847 polum.

259 1900 433 1947 Venus
479 1899 657 1962 igitur,
705 1913 802 1960 quo
859 1899 1082 1958 tempore
1131 1912 1238 1945 cum
1285 1898 1387 1946 luce
1430 1912 1599 1946 serena
1643 1898 1676 1948 i.
1716 1914 1755 1946 e.
1803 1913 1947 1946 mane

264 1972 569 2035 apparuerit,
607 1972 730 2020 haec
770 1971 914 2034 signa
946 1964 1020 2037 (u.
1052 1963 1297 2037 49—73)
1336 1970 1430 2019 tibi
1462 1971 1614 2020 dabit.
1691 1988 1751 2020 ex
1780 1973 1948 2032 serena

261 2049 554 2108 corruptum
614 2047 779 2106 ferora
833 2047 884 2092 et
938 2059 1024 2093 cur
1086 2061 1146 2093 ex
1206 2044 1548 2108 dittographia
1608 2045 1949 2094 antecedentis

261 2136 368 2169 cum
407 2120 513 2182 (σᾶ)
555 2122 721 2168 ortum
759 2133 863 2167 esse
902 2120 1089 2182 potest,
1139 2121 1200 2166 ut
1238 2134 1297 2167 ex
1345 2120 1445 2167 luce
1482 2134 1651 2168 serena
1689 2119 1948 2181 archetypi

259 2194 403 2243 fieret
451 2195 621 2254 lucifer
667 2209 753 2242 cur
799 2208 887 2241 ora
933 2192 1115 2241 codicis
1154 2190 1218 2239 A.
1303 2208 1402 2255 qua
1445 2192 1498 2239 in
1549 2208 1601 2241 re
1651 2209 1809 2240 unum
1852 2193 1947 2241 hoc

262 2267 628 2316 dubitationem
663 2266 831 2330 habet,
872 2266 1004 2329 quod
1045 2281 1132 2315 cur
1176 2266 1340 2314 medio
1378 2258 1625 2314 uocabulo
1664 2281 1833 2315 serena
1870 2267 1947 2314 in-

263 2344 452 2390 sertum
490 2341 708 2389 uidetur.
765 2340 851 2388 sed
881 2340 940 2402 is,
979 2340 1066 2402 qui
1102 2339 1289 2388 librum
1315 2338 1365 2386 A
1395 2340 1609 2404 scripsit,
1648 2340 1804 2388 uerba
1840 2342 1947 2388 tam

264 2416 395 2464 male
450 2414 755 2477 distinguere
814 2414 963 2477 solet,
1016 2416 1076 2461 ut
1127 2413 1180 2460 in
1233 2413 1326 2462 hac
1381 2429 1578 2476 quoque
1631 2429 1683 2461 re
1742 2429 1948 2476 peccare

261 2489 498 2551 potuerit.

371 2562 786 2611 Additamentum
817 2560 1228 2624 Arundelianum,
1261 2561 1598 2624 fragmentum
1628 2562 1675 2608 V
1697 2561 1947 2609 Baehren-

265 2637 348 2700 sii,
389 2636 522 2699 quod
574 2636 705 2684 inter
751 2635 991 2698 reliquias
1029 2636 1286 2696 receptum
1323 2635 1483 2696 primo
1522 2636 1630 2683 loco
1669 2650 1949 2697 posueram,

264 2709 545 2758 Germanici
577 2724 682 2757 esse
714 2725 812 2757 non
850 2723 995 2770 posse
1033 2723 1164 2756 nunc
1195 2708 1394 2756 demum
1431 2709 1668 2758 intellexi.
1738 2707 1946 2756 Carolus

262 2785 395 2832 enim
436 2783 557 2832 Sittl
603 2783 655 2830 in
694 2798 751 2831 eo
789 2782 940 2844 libro,
986 2782 1072 2844 qui
1117 2782 1409 2830 inscribitur
1447 2778 1546 2830 ‘die
1585 2782 1784 2830 lokalen
1822 2781 1946 2829 Ver-

263 2857 667 2906 schiedenheiten
706 2856 793 2904 der
830 2855 1153 2904 lateinischen
1188 2851 1428 2917 Sprache'
1467 2851 1744 2922 (Erlangen
1779 2849 1948 2920 1882)

263 2947 310 2993 p.
347 2933 451 2980 104
484 2947 555 2993 sq.
596 2932 712 2979 ante
742 2929 948 2977 Minucii
977 2929 1157 2978 Felicis
1197 2931 1413 2977 aetatem
1444 2929 1737 2992 genetiuum
1776 2944 1948 2977 casum
