2106 3140
828 131 1170 183 PRAEFATIO
1713 135 1842 179 XXV

168 265 322 314 trium
362 280 508 312 suum
545 263 856 326 transposuit
894 265 945 311 et
975 261 1208 310 mutauit.
1278 261 1398 323 quin
1437 260 1589 308 etiam
1619 260 1704 307 ille
1736 276 1849 307 uer-

170 355 280 387 sum
335 340 439 386 472
495 336 596 384 una
646 353 760 385 cum
813 336 1007 384 duobus
1060 334 1289 383 uersibus
1341 333 1656 395 interpolatis
1709 334 1851 381 uncis

169 412 386 460 inclusit.
475 410 518 459 is
566 413 756 473 autem,
810 411 897 473 qui
942 410 1128 458 Aratea
1178 408 1471 471 Luneburgi
1523 423 1651 455 anno
1709 409 1849 456 1728

169 485 340 548 edidit,
378 484 606 532 uersibus
644 484 836 532 falsarii
874 484 948 531 ita
980 482 1221 545 opitulari
1252 482 1462 546 studuit,
1500 483 1570 545 ut,
1592 483 1849 542 assumpto

168 574 322 607 uersu
360 560 462 607 471
505 557 579 605 ita
618 557 878 605 scriberet:

366 667 554 716 Cancro
595 682 694 729 qua
730 667 929 729 fulgent
968 667 1112 730 oculi,
1151 667 1267 714 illac
1304 667 1480 730 regula
1519 665 1676 714 currit
1703 657 1822 733 (sic)

248 736 329 808 (1)
366 741 463 790 Per
499 741 709 804 medios;
748 741 818 788 sic
857 740 1031 788 diuisit
1067 741 1228 788 latera
1266 742 1502 803 utraque,
1540 739 1707 802 tangit

245 809 329 882 (2)
370 816 438 862 Et
478 813 696 863 Geminis
734 814 968 862 humeros
1008 814 1163 861 Tauri
1201 814 1270 861 sic
1309 814 1501 877 ungula
1540 813 1714 861 dextra

243 882 328 954 (3)
366 889 433 936 Et
473 887 691 936 Geminis
730 888 978 951 humeros,
1016 888 1105 935 ubi
1144 887 1298 935 Tauri
1335 903 1522 936 cornua
1558 888 1732 949 planta

247 957 328 1030 (4)
367 962 520 1010 Radit
556 961 904 1024 Hypheniochi
940 963 1083 1010 vasto
1122 961 1319 1024 fulgore
1358 961 1579 1010 notandi.

170 1090 286 1123 cum
323 1090 443 1122 uero
484 1075 704 1121 extrema
741 1072 926 1135 pagina
962 1073 1116 1120 Radit
1152 1087 1241 1133 pro
1289 1071 1493 1119 custode
1541 1071 1626 1134 qui
1672 1071 1855 1119 dicitur

170 1148 392 1210 positum
433 1147 511 1210 sit,
550 1161 727 1194 uersus
765 1149 936 1194 autem
976 1139 1057 1212 (3)
1097 1161 1126 1193 a
1156 1145 1341 1209 pagina
1377 1145 1603 1208 proxima
1631 1145 1854 1208 incipiat,

169 1222 306 1270 haud
345 1222 447 1270 scio
488 1237 551 1269 an
588 1236 678 1282 per
716 1236 932 1268 errorem
969 1220 1023 1267 in
1059 1235 1238 1281 poema
1275 1219 1543 1281 irrepserit.

282 1295 525 1343 Versibus
565 1296 856 1343 482—484
895 1294 1018 1341 haec
1055 1293 1292 1341 uidentur
1323 1293 1566 1341 contineri
1596 1309 1752 1355 eaque
1785 1293 1855 1341 sic

170 1369 302 1417 inter
350 1385 401 1417 se
448 1369 731 1417 cohaerere:
787 1362 924 1415 eDies
970 1368 1038 1415 ist
1084 1367 1172 1414 der
1217 1367 1470 1415 nordliche
1516 1366 1855 1428 Wendekreis‚

171 1443 259 1491 der
295 1441 807 1506 gegenfiberliegende
845 1441 914 1489 ist
952 1441 1038 1489 der
1077 1440 1314 1503 siidliche,
1354 1441 1531 1488 somit
1567 1440 1854 1488 bezeichnet

172 1517 260 1565 der
296 1516 624 1565 Wendekreis
671 1516 756 1564 des
801 1515 1014 1563 Krebses
1061 1515 1139 1562 die
1189 1513 1411 1562 Grenzen
1457 1515 1543 1562 des
1591 1513 1856 1577 SommerS,

172 1591 259 1639 der
298 1591 383 1638 des
424 1589 715 1638 Steinbocks
754 1589 833 1637 die
874 1588 1096 1638 Grenzen
1142 1588 1228 1636 des
1266 1581 1526 1638 Winters.'
1603 1587 1684 1636 Sic
1722 1590 1857 1636 recte

171 1665 450 1727 procedunt
495 1663 792 1723 sententiae,
839 1663 910 1710 sic
954 1664 1039 1711 hoc
1078 1664 1288 1710 medium
1333 1663 1468 1710 sidus
1507 1661 1570 1709 ad
1609 1677 1857 1722 aeyoceros

174 1734 245 1803 (u.
279 1731 412 1805 483)
457 1738 596 1785 nullo
643 1736 845 1798 negotio
890 1736 1118 1784 refertur.
1202 1735 1374 1799 itaque
1430 1737 1632 1784 auctore
1682 1734 1855 1784 Grotio

174 1812 396 1860 ordinem
434 1827 674 1860 uersuum
713 1811 819 1859 483
861 1812 912 1858 et
950 1811 1057 1858 484
1096 1809 1307 1857 mutaui.

284 1885 520 1933 Extremo
566 1900 614 1933 11.
656 1886 762 1933 499
812 1886 995 1933 librat
1040 1899 1186 1944 quae
1236 1885 1400 1932 sidera
1449 1885 1620 1931 mundi
1678 1883 1856 1945 recepi.

171 1975 288 2007 nam
327 1959 460 2021 quod
498 1958 615 2006 libri
651 1954 705 2007 Ο
741 1958 986 2020 praebent
1021 1959 1164 2006 libato
1204 1973 1263 2005 ex
1302 1958 1420 2005 libat
1456 1973 1498 2017 q.
1537 1957 1683 2005 facile
1724 1972 1856 2005 com-

170 2034 359 2081 mutari
388 2033 568 2095 potuit.
609 2033 782 2080 librato
811 2034 981 2080 tamen
1011 2047 1101 2093 pro
1140 2033 1285 2080 libato
1323 2031 1464 2078 libris
1508 2029 1561 2080 Z
1596 2030 1855 2079 confirma-

170 2109 270 2155 tur.
333 2107 402 2155 sic
441 2122 503 2154 ne
541 2107 711 2154 mundi
749 2105 952 2168 quidem
989 2105 1178 2153 mutari
1217 2120 1342 2167 opus
1383 2107 1471 2153 est.

282 2180 340 2229 V.
361 2182 465 2229 508
492 2196 604 2228 cum
622 2178 946 2228 Germanicus
969 2179 1314 2241 Hipparchum
1339 2171 1536 2245 (comm.
1560 2178 1584 2225 I
1606 2193 1645 2226 c.
1661 2178 1706 2225 X
1732 2175 1763 2239 ἓ
1784 2179 1855 2225 20

172 2271 219 2316 p.
256 2256 358 2303 108
398 2247 611 2321 Manit.)‚
660 2254 745 2316 qui
790 2269 955 2316 genua
1001 2253 1235 2315 ophiuchi
1274 2252 1632 2316 aequinoctiali
1669 2252 1856 2300 circulo

173 2328 524 2376 australiorem
574 2342 678 2376 esse
726 2327 870 2391 dixit,
920 2331 1121 2376 secutus
1169 2342 1273 2375 esse
1325 2327 1581 2389 uideatur,
1629 2341 1690 2373 ne
1744 2342 1858 2374 cum

177 2400 351 2450 Grotio
383 2402 584 2464 quidem
621 2402 715 2449 hoc
751 2401 860 2449 loco
902 2401 1168 2464 quicquam
1206 2401 1506 2449 mutandum
1546 2401 1636 2448 est.

286 2474 412 2523 Cum
448 2476 549 2523 iam
587 2475 919 2523 dubitandum
957 2491 1055 2523 non
1094 2475 1176 2537 sit,
1209 2475 1331 2537 quin
1361 2491 1408 2522 11.
1444 2475 1735 2523 526-530
1776 2488 1857 2521 co-

176 2546 274 2597 dici
319 2548 596 2597 Basileensi
642 2549 704 2597 ab
745 2549 918 2597 eodem
955 2548 1184 2612 librario,
1223 2549 1310 2610 qui
1348 2550 1512 2597 totum
1550 2548 1737 2595 librum
1776 2562 1856 2594 ex-

174 2622 355 2684 arauit,
394 2622 555 2670 additi
592 2622 692 2670 sint
730 2648 799 2656 —
833 2637 949 2670 nam
987 2622 1121 2686 quod
1153 2622 1398 2670 Martinus
1429 2622 1582 2669 Hertz
1622 2621 1681 2668 de
1715 2636 1774 2668 ea
1804 2635 1856 2667 re

173 2690 486 2744 indicauerat
533 2690 617 2762 (cf.
666 2695 740 2746 ed.
787 2696 950 2744 Berol.
989 2713 1034 2758 p.
1068 2696 1186 2761 VI),
1233 2712 1412 2744 uerum
1449 2710 1553 2744 esse
1592 2694 1652 2742 A.
1690 2694 1857 2741 Kiess-

175 2770 284 2833 ling
322 2772 374 2818 et
412 2771 550 2819 Aem.
590 2769 843 2817 Baehrens
878 2769 1299 2818 confirmauerunt
1341 2795 1404 2802 —-
1447 2784 1656 2830 cumque
1697 2767 1858 2815 eidem

175 2859 367 2907 uersus,
408 2860 623 2906 quorum
653 2860 702 2891 u.
729 2843 1116 2906 quingentesimi
1147 2838 1374 2892 uicesimi
1406 2843 1534 2891 sexti
1556 2856 1672 2904 pars
1696 2841 1858 2888 altera

176 2932 207 2965 a
244 2933 393 2966 uersu
435 2919 540 2966 473
580 2917 796 2979 repetita
835 2919 925 2981 est,
964 2917 1016 2964 in
1053 2917 1258 2980 reliquis
1299 2916 1526 2965 omnibus
1563 2914 1731 2979 libris,
1770 2914 1858 2977 qui
