2106 3140
268 155 417 200 XXVI
940 147 1278 199 PRAEFATIO

261 281 463 344 quidem
514 281 607 329 hoc
659 281 767 329 loco
822 281 875 328 in
921 295 1123 328 censum
1167 279 1404 341 ueniunt,
1449 279 1794 343 inueniantur,
1841 279 1943 328 iam

261 354 541 417 antiquitus
587 355 676 402 hos
723 369 900 402 uersus
946 353 1115 402 uerbis
1159 355 1336 414 poetae
1374 353 1648 402 inculcatos
1688 368 1793 401 esse
1832 354 1943 401 ueri

260 427 569 476 simillimum
616 430 704 477 est.
780 427 874 475 hoc
921 429 1089 474 autem
1141 426 1315 488 primis
1367 427 1468 474 iam
1519 429 1634 488 post
1687 425 1942 475 Christum

261 501 473 549 saeculis
521 501 712 564 factum
759 515 864 548 esse
912 502 1088 561 potest.
1175 516 1292 547 nam
1335 499 1486 548 tertio
1534 501 1732 548 saeculo
1780 515 1939 563 usque

258 575 324 622 ad
362 578 556 622 sextum
595 574 850 622 saeculum
883 573 1163 621 Germanici
1185 573 1373 622 Aratea
1410 574 1638 622 lectitata
1678 589 1784 622 esse
1816 574 1940 621 Lac-

257 649 452 696 tantius
490 647 772 695 Firmianus
804 650 855 695 et
884 646 1167 695 Priscianus
1205 663 1381 696 uersus
1421 663 1481 695 ex
1517 647 1653 695 illius
1697 647 1941 709 poematis

258 721 506 769 afferendo
546 722 813 769 testantur.
897 720 984 769 sed
1021 721 1231 769 fortasse
1278 722 1453 769 auctor
1489 736 1664 769 uersus
1698 723 1802 770 525
1843 736 1943 768 non

258 797 364 842 tam
413 792 575 842 malus
621 797 769 856 poeta
815 794 938 857 fuit,
978 810 1128 857 quam
1165 810 1254 856 per
1298 795 1667 858 neglegentiam
1714 794 1940 858 librario-

259 884 371 916 rum
415 868 638 930 uidetur‚
694 885 810 916 nam
863 884 1165 931 quamquam
1209 869 1262 915 in
1307 868 1386 916 his
1434 868 1695 917 uersiculis
1749 867 1942 930 aliquid

256 943 452 990 mutare
484 941 667 1004 taedet,
705 944 874 990 tamen
903 958 952 990 u.
986 944 1089 991 529
1125 941 1298 990 dubito
1331 958 1395 989 an
1426 942 1494 990 sic
1524 942 1682 1003 possit
1718 941 1940 989 restitui:

256 1030 359 1063 una
396 1017 487 1071 sui,
532 1017 745 1065 radius
783 1019 1015 1076 quantum
1053 1031 1085 1064 a
1123 1017 1288 1064 tellure
1325 1017 1510 1064 recedit.
1586 1017 1744 1063 restat
1780 1018 1840 1062 ut
1879 1015 1937 1063 de

257 1104 305 1136 u.
340 1090 444 1137 528
486 1089 712 1152 adiciam,
751 1092 949 1152 praeter
986 1090 1279 1153 genetiuum
1314 1089 1634 1151 trisyllabum
1672 1091 1839 1149 spatii,
1880 1088 1939 1136 de

257 1178 355 1224 quo
405 1162 685 1225 disputauit
723 1163 1071 1212 Lachmannus
1112 1163 1175 1211 ad
1212 1164 1408 1211 Lucret.
1445 1180 1490 1225 p.
1520 1165 1640 1226 326,
1679 1162 1942 1225 genetiuos

257 1236 689 1284 substantiuorum
749 1237 1008 1285 nominum
1061 1237 1360 1285 tribreuium
1413 1237 1547 1299 apud
1594 1235 1943 1284 Germanicum

259 1326 355 1358 non
392 1311 612 1372 reperiri.
697 1327 813 1358 nam
869 1313 920 1359 et
972 1327 1021 1359 11.
1056 1313 1160 1360 232
1209 1312 1261 1359 et
1302 1312 1403 1360 281
1453 1312 1598 1358 medii
1643 1312 1719 1358 est
1763 1325 1944 1358 nomen

256 1383 580 1432 adiectiuum.

365 1457 639 1520 Postquam
675 1458 722 1506 J.
761 1459 892 1521 Frey
938 1451 1075 1524 (nou.
1124 1472 1245 1506 mus.
1294 1457 1448 1505 Rhen.
1495 1457 1621 1504 XIII
1670 1459 1775 1505 418
1810 1450 1943 1523 sqq.)

255 1547 303 1578 u.
352 1533 642 1580 531—572
697 1531 1140 1596 Prognosticorum
1194 1547 1320 1594 quae
1375 1531 1667 1579 dicebantur
1718 1530 1942 1592 reliquiis

257 1605 517 1670 adtribuit,
542 1621 673 1654 nunc
697 1606 774 1653 illi
796 1606 870 1653 ita
894 1604 1160 1668 adsentior,
1183 1607 1244 1653 ut
1265 1621 1364 1653 non
1382 1605 1543 1653 solum
1568 1621 1616 1652 u.
1637 1606 1943 1669 570—572,

255 1694 382 1741 quos
419 1680 521 1727 iam
559 1681 708 1727 antea
744 1680 929 1727 retinui
979 1674 1061 1745 (cf.
1102 1679 1176 1727 ed.
1215 1679 1376 1728 Berol.
1417 1695 1464 1740 p.
1497 1678 1612 1743 XI),
1661 1679 1746 1726 sed
1792 1678 1944 1726 etiam

255 1768 305 1800 u.
339 1754 443 1802 568
485 1755 535 1801 et
575 1755 679 1802 569
728 1753 820 1802 hoc
866 1753 973 1801 loco
1019 1753 1304 1801 retinendos
1352 1768 1458 1800 esse
1506 1767 1745 1800 censeam.
1822 1752 1944 1800 item

254 1826 500 1875 iudicauit
544 1827 734 1875 Paulus
773 1827 991 1891 Panske,
1039 1827 1286 1875 obseruat.
1327 1826 1481 1874 critic.
1565 1826 1617 1873 in
1664 1825 1944 1874 Germanici

256 1899 481 1948 Caesaris
526 1901 716 1949 Aratea
763 1900 1060 1965 (Comment.
1109 1901 1280 1962 philol.
1338 1899 1519 1962 quibus
1567 1897 1621 1948 Ο.
1670 1899 1942 1947 Ribbeckio

257 1974 675 2037 congratulantur
719 1975 890 2036 discip.
929 1975 1062 2036 Lips.
1102 1991 1148 2036 p.
1183 1976 1288 2023 508
1323 1967 1432 2040 sq).
1510 1973 1727 2036 priorem
1773 1975 1943 2021 autem

256 2048 556 2096 sententiam
615 2064 778 2096 meam
823 2049 1076 2096 Baehrens
1139 2051 1338 2096 secutus
1402 2049 1500 2109 est,
1552 2047 1650 2095 nisi
1702 2046 1836 2109 quod
1892 2048 1943 2094 et

255 2138 303 2170 u.
347 2124 648 2171 565—567
706 2123 948 2186 genuinos
1001 2122 1145 2170 duxit
1198 2125 1248 2170 et
1303 2136 1509 2169 uersum
1562 2123 1665 2170 567
1729 2120 1942 2168 infelici-

255 2197 335 2243 ter
386 2196 658 2258 temptauit
719 2190 803 2262 (cf.
843 2196 1009 2245 Herm.
1049 2195 1193 2243 XVII
1231 2212 1277 2257 p.
1311 2187 1456 2262 403).
1534 2194 1710 2243 deinde
1759 2193 1940 2242 Gusta-

255 2283 353 2317 uus
400 2268 535 2333 Sieg,
576 2270 636 2317 de
675 2268 910 2319 Cicerone
957 2268 1249 2318 Germanico
1288 2268 1483 2317 Auieno
1523 2270 1613 2316 etc.
1644 2285 1692 2330 p.
1727 2270 1793 2317 25
1821 2282 1941 2330 sqq.,

255 2342 443 2403 locum,
483 2343 570 2406 qui
609 2345 685 2391 est
723 2344 783 2391 de
822 2344 1036 2406 zodiaco,
1076 2342 1369 2392 Germanico
1410 2342 1693 2390 abiudicare
1734 2344 1942 2390 conatus

256 2419 346 2464 est.
417 2433 565 2479 quem
602 2417 821 2466 Joannes
859 2417 1144 2481 Maybaum,
1182 2417 1242 2464 de
1282 2415 1515 2464 Cicerone
1557 2418 1608 2464 et
1647 2415 1940 2463 Germanico

257 2493 349 2539 etc.
388 2508 436 2552 p.
472 2493 537 2538 22
572 2500 677 2554 sqq.
716 2491 823 2538 iure
862 2491 1195 2555 impugnauit.
1272 2493 1322 2538 et
1359 2489 1440 2537 hic
1478 2505 1584 2537 rem
1623 2505 1679 2537 eo
1719 2489 1940 2552 deduxit,

255 2566 315 2612 ut
367 2564 556 2612 zodiaci
610 2565 992 2626 descriptionem
1046 2565 1507 2613 Phaenomenorum
1561 2565 1777 2626 partem,
1840 2578 1941 2610 non

256 2637 606 2700 reliquiarum,
643 2638 854 2700 probare
893 2641 1170 2689 conaretur.
1247 2638 1329 2686 cui
1367 2638 1608 2685 Ernestus
1646 2637 1831 2699 Maass,
1880 2636 1940 2683 de

260 2710 542 2760 Germanici
578 2712 831 2774 prooemio
871 2729 916 2773 p.
948 2713 974 2760 I
1013 2712 1349 2774 adstipulatus
1389 2713 1477 2759 est.
1555 2726 1767 2773 quorum
1811 2709 1939 2757 utri-

257 2800 415 2848 usque
440 2785 713 2834 sententias
738 2786 964 2834 refellere
997 2786 1169 2834 studui
1201 2786 1262 2835 cf.
1286 2786 1418 2834 Berl.
1442 2784 1560 2847 phil.
1589 2783 1939 2832 Wochenschr.

261 2861 402 2908 1893
443 2860 533 2908 col.
576 2860 716 2907 1133
750 2875 852 2922 sqq.
885 2860 1135 2922 reliquum
1174 2861 1250 2907 est
1286 2861 1346 2906 ut
1385 2859 1443 2907 de
1483 2859 1776 2921 argumento
1816 2872 1938 2919 quo-

258 2932 371 2980 dam
411 2948 440 2981 a
481 2932 708 2982 Gustauo
749 2933 867 2997 Sieg
903 2951 951 2996 p.
985 2935 1050 2983 25
1093 2933 1246 2982 allato
1285 2948 1445 2995 pauca
1483 2932 1655 2980 dicam.
1717 2931 1760 2979 is
1793 2930 1939 2995 enim,
