2106 3140
253 163 381 206 XXII
925 162 1263 207 PRAEFATIO

255 287 494 336 traditam
522 288 569 336 J.
599 288 868 350 Maybaum
900 287 959 336 de
991 286 1224 336 Cicerone
1255 290 1306 336 et
1337 286 1627 336 Germanico
1659 290 1750 336 etc.
1782 304 1830 349 p.
1864 287 1931 337 36

255 376 340 424 sq.‚
387 376 502 409 cum
548 361 798 409 contraria
843 361 939 408 sibi
985 376 1090 408 esse
1136 361 1406 408 terminum
1451 363 1502 409 et
1547 362 1747 425 signum
1801 363 1933 409 recte

254 435 470 499 monuit,
524 435 646 483 satis
700 449 933 496 prospere
986 436 1185 482 tutatus
1238 436 1333 497 est,
1388 434 1486 482 nisi
1531 435 1665 498 quod
1710 435 1934 483 homines

257 524 437 556 aureae
490 508 668 556 aetatis
723 507 878 570 signis
930 507 1004 555 ita
1055 522 1171 555 usos
1226 522 1353 570 esse,
1405 510 1465 556 ut
1515 508 1711 556 uicinus
1767 508 1933 556 uicino

253 576 458 630 ‘aranti'
504 581 787 629 ostenderet
833 575 931 629 ehic
977 580 1126 628 finem
1172 582 1251 629 sui
1297 581 1406 645 agri
1452 577 1579 630 esse'
1628 582 1753 630 falso
1793 581 1934 631 dixit.

253 671 414 718 neque
454 655 584 702 enim
625 653 946 702 Germanicus
985 653 1132 701 Arati
1161 654 1319 702 uerba
1349 652 1469 703 ἄλλα
1499 653 1610 719 βόες
1640 652 1722 703 καὶ
1752 651 1934 720 ἄροτρα

253 721 324 794 (u.
361 726 487 792 112)
533 728 751 790 respexit
799 730 888 775 aut
935 727 1203 790 conuertit,
1263 729 1350 776 sed
1396 744 1510 776 cum
1564 731 1728 777 aetate
1784 743 1937 776 aurea

253 816 344 849 sua
384 804 558 863 sponte
597 802 628 850 i.
669 817 708 851 e.
748 801 998 849 inaratam
1035 801 1271 849 tellurem
1316 802 1508 850 fructus
1556 802 1673 850 dare
1713 802 1934 865 dixisset,

251 875 360 922 fieri
398 891 499 923 non
534 875 715 938 potuit,
753 877 813 922 ut
850 875 1093 938 agricolas
1134 878 1332 924 arantes
1371 875 1465 923 sibi
1501 875 1726 939 fingeret.

363 947 675 1011 Quamquam
698 964 777 996 me
809 964 908 997 non
930 949 1078 1012 fugit,
1112 949 1244 1011 quod
1267 949 1614 997 Lachmannus
1647 949 1711 997 ad
1733 948 1932 998 Lucret.

250 1022 276 1070 I
320 1024 423 1071 130
463 1027 574 1070 tunc
619 1025 735 1071 ante
783 1025 1135 1071 consonantem
1181 1025 1354 1071 contra
1398 1025 1662 1085 poetarum
1700 1023 1932 1086 antiquo-

250 1111 364 1143 rum
401 1111 549 1143 usum
587 1111 693 1144 esse
733 1096 917 1159 docuit,
956 1099 1125 1144 tamen
1163 1113 1212 1147 u.
1249 1098 1351 1145 152
1392 1096 1691 1158 scripturam
1734 1093 1788 1146 O
1825 1100 1937 1144 tunc

249 1170 563 1218 retinendam
601 1184 706 1218 esse
747 1185 935 1219 censeo,
996 1186 1112 1218 nam
1150 1171 1434 1233 insequenti
1464 1174 1588 1235 tune,
1619 1172 1679 1218 ut
1710 1169 1935 1233 grauitas

251 1243 489 1305 temporis
543 1243 726 1292 aestiui
778 1243 1124 1307 intellegatur,
1179 1244 1238 1291 fit
1290 1244 1555 1306 anaphora.
1648 1243 1822 1291 eadem
1875 1243 1936 1291 de

250 1332 401 1365 causa
430 1333 477 1365 u.
509 1318 612 1366 293
647 1321 758 1365 tunc
788 1319 1155 1380 riyor-propter
1178 1333 1389 1380 sequens
1422 1322 1534 1366 tunc
1562 1317 1761 1366 retinui.
1813 1317 1938 1365 item

249 1406 298 1438 11.
327 1392 431 1438 313
473 1395 586 1439 tunc
623 1394 745 1439 totus
783 1391 985 1439 seruaui
1022 1406 1181 1454 neque
1219 1407 1340 1439 uero
1389 1395 1499 1440 tunc
1547 1394 1626 1438 ter
1665 1393 1780 1438 ante
1821 1406 1935 1438 con-

251 1479 422 1513 sonam
461 1481 509 1513 u.
554 1465 657 1514 566
706 1465 998 1527 repetitum,
1049 1480 1162 1512 cum
1200 1465 1294 1513 iste
1339 1480 1517 1514 uersus
1562 1463 1937 1526 interpolatoris

252 1541 403 1602 esset,
444 1554 502 1586 ex
540 1540 650 1602 lege
689 1538 1094 1586 Lachmanniana
1130 1539 1429 1586 mutandum
1467 1553 1572 1586 esse
1611 1537 1746 1586 duxi.

361 1612 474 1661 Etsi
511 1613 698 1661 lumina
734 1628 782 1660 u.
826 1614 953 1676 165,
993 1612 1127 1674 quod
1172 1612 1224 1661 P.
1263 1612 1582 1660 Burmannus
1622 1611 1939 1659 scribendum

250 1686 535 1749 proposuit,
589 1701 703 1734 cum
754 1686 902 1733 Arati
954 1686 1121 1734 uerbis
1168 1679 1247 1752 (u.
1283 1679 1420 1753 156)
1462 1682 1662 1748 ἀστέρας
1690 1680 1938 1748 Ἡνιόχοιο

250 1760 410 1823 magis
451 1760 703 1822 conspirat
741 1774 893 1822 quam
930 1762 1149 1815 numina,
1187 1762 1358 1808 tamen
1398 1760 1638 1808 librorum
1686 1759 1940 1821 memoria,

252 1848 368 1882 cum
417 1832 739 1882 Germanicus
787 1836 924 1881 astra
972 1833 1126 1882 etiam
1170 1834 1377 1882 numina
1430 1834 1591 1881 dicere
1645 1833 1804 1881 soleat
1851 1825 1937 1898 (cf.

249 1907 432 1971 Maass,
472 1908 532 1955 de
572 1906 801 1956 German.
839 1922 1055 1969 prooem.
1094 1924 1143 1969 p.
1166 1903 1281 1971 IV),
1319 1907 1510 1955 tuenda
1548 1908 1638 1954 est.

362 1981 460 2030 Pro
501 1985 647 2029 totam
684 1997 732 2028 11.
768 1983 870 2029 169
913 1980 1124 2029 lectione
1167 1979 1221 2030 Z
1245 1985 1454 2042 portans
1500 1980 1686 2028 collata
1723 1981 1939 2040 positam

252 2054 569 2103 scribendum
624 2070 730 2103 esse
783 2054 1000 2104 uidetur.
1082 2070 1242 2118 neque
1298 2054 1430 2103 enim
1475 2054 1585 2102 fieri
1637 2055 1825 2117 potest,
1879 2055 1939 2101 ut

252 2129 432 2192 auriga
470 2131 705 2191 partem
744 2144 920 2191 caprae
960 2131 1118 2192 gerat.

363 2203 572 2250 Initium
610 2219 659 2250 u.
694 2204 799 2250 224
838 2204 949 2251 inde
986 2204 1144 2251 subest
1173 2204 1303 2251 aries
1337 2202 1609 2264 Maybaum
1639 2218 1684 2263 p.
1720 2202 1788 2250 38
1830 2216 1935 2248 cor-

251 2278 463 2338 ruptum
511 2279 563 2324 et
609 2275 901 2325 Germanico
954 2276 1218 2339 indignum
1271 2291 1377 2324 esse
1432 2278 1618 2337 censet,
1674 2277 1728 2323 at
1780 2276 1940 2323 subest

251 2350 345 2398 hoc
382 2350 492 2398 loco
530 2350 708 2398 latiore
746 2350 802 2398 ui
838 2352 1136 2413 usurpatum
1168 2351 1244 2398 est
1275 2351 1327 2398 et
1355 2349 1488 2397 idem
1519 2348 1653 2412 quod
1683 2350 1937 2397 nostrum:

251 2423 321 2472 ist
357 2424 408 2471 in
449 2423 537 2471 der
572 2423 729 2473 Nahe.
806 2439 934 2486 quae
973 2423 1269 2487 significatio
1300 2425 1407 2471 tam
1437 2422 1626 2471 usitata
1657 2426 1733 2470 est
1763 2424 1822 2471 ut
1852 2422 1941 2469 uix

254 2497 322 2546 sit
359 2497 493 2560 quod
531 2497 767 2559 exemplis
805 2498 1056 2559 probetur.

365 2571 516 2633 Vrsa,
562 2587 712 2634 quam
752 2570 1076 2620 Germanicus
1113 2587 1161 2619 u.
1198 2572 1300 2620 225
1348 2570 1589 2618 indicauit
1631 2596 1694 2602 —
1736 2571 1796 2617 ut
1845 2569 1938 2618 hoc

253 2644 680 2707 interpretationis
719 2660 870 2693 causa
909 2645 1089 2693 addam
1119 2671 1192 2678 —
1225 2647 1301 2692 est
1331 2659 1449 2692 ursa
1479 2643 1653 2706 maior,
1692 2643 1788 2691 etsi
1813 2643 1937 2690 Ara·-

254 2723 339 2766 tus
377 2734 425 2767 u.
453 2721 557 2767 227
593 2717 904 2781 Cynosurida
933 2719 963 2766 i.
991 2734 1030 2767 e.
1062 2718 1303 2766 minorem
1335 2718 1476 2766 dixit.
1527 2717 1772 2779 Lycaonis
1805 2716 1938 2764 enim

254 2795 420 2840 arctos
460 2794 536 2840 est
580 2807 698 2840 ursa
744 2792 903 2840 maior
939 2793 1023 2840 uel
1060 2792 1256 2855 Helice,
1295 2791 1541 2854 Lycaonis
1579 2790 1699 2838 filia.
1766 2790 1937 2851 itaque

257 2864 580 2914 Germanicus
605 2865 666 2913 ab
691 2865 847 2913 Arato
881 2865 1132 2914 discedens
1165 2866 1471 2915 celeritatem
1496 2864 1666 2913 arietis
1691 2879 1804 2912 cum
1834 2865 1938 2911 tar-

255 2938 415 2988 ditate
453 2955 599 2988 ursae
637 2939 841 2988 maioris
881 2942 1150 3001 comparat.
