2106 3140
838 149 1176 195 PRAEFATIO
1746 150 1823 194 XX
1833 149 1858 194 l'

171 275 440 325 APMA*
477 277 813 339 fragmentum
835 275 908 324 IV
940 276 1045 324 sine
1075 276 1180 324 ullo
1210 275 1479 324 interuallo
1510 275 1857 325 Phaenomena

174 353 426 414 sequatur,
443 350 543 397 iam
561 350 863 412 archetypon
879 346 933 400 0
947 366 1102 398 unum
1118 365 1294 411 poema
1307 348 1587 397 Germanici
1603 365 1702 398 uno
1719 350 1851 412 frag-

173 427 339 473 mento
385 423 591 472 alterius
648 424 892 484 poematis
940 426 1143 472 auctum
1200 423 1484 485 praebuisse
1531 423 1854 471 manifestum

175 501 264 547 est.
333 497 395 545 ab
447 497 542 545 hoc
595 499 764 544 autem
817 497 1095 560 fragmento
1143 497 1358 545 alterum
1410 512 1587 559 poema
1639 497 1855 558 coepisse

173 587 272 620 non
308 573 488 633 potest,
525 569 578 618 id
608 570 742 632 quod
779 585 891 618 cum
929 571 1089 632 primo
1126 570 1397 634 fragmenti
1427 585 1576 618 uersu
1607 572 1717 618 tum
1747 572 1855 619 toto

174 647 468 708 argumento
506 644 762 706 probatur.
839 645 1017 706 quodsi
1063 645 1254 693 codices
1292 643 1342 691 A
1363 645 1411 691 P
1444 644 1597 692 etiam
1641 644 1692 692 in
1741 643 1855 691 sub-

174 718 526 780 scriptionibus
555 715 788 765 ARATI
812 718 1067 779 praebent,
1105 718 1312 781 librarii,
1345 734 1457 766 cum
1488 731 1648 765 unum
1677 733 1856 779 poema

174 791 489 854 descripsisse
530 791 626 839 sibi
662 791 761 839 uisi
800 793 979 852 essent,
1018 791 1390 853 inscriptionem
1422 791 1635 854 exempli
1666 792 1745 840 sui
1782 791 1857 839 in-

172 866 310 914 cauti
354 865 710 927 repetiuerunt.
787 864 1112 927 reliquiarum
1160 868 1329 913 autem
1383 865 1530 913 index
1577 865 1662 928 qui
1706 865 1860 913 fuerit

171 954 373 1001 prorsus
412 939 686 1002 ignoratur.
746 938 1072 1002 Prognostica
1110 939 1254 1002 enim,
1294 955 1446 1002 quam
1483 938 1858 1000 inscriptionem

170 1012 365 1060 librarii
402 1028 432 1060 a
471 1011 704 1061 Cicerone
756 1012 1050 1074 repetiuisse
1103 1012 1362 1078 uidentur,
1415 1013 1580 1060 Maass
1625 1012 1732 1060 iure
1779 1028 1860 1060 ex-

172 1086 343 1134 cussit.

282 1160 441 1208 Venio
482 1159 545 1207 ad
584 1175 667 1208 eas
707 1160 960 1224 lectiones,
1001 1176 1123 1223 quas
1164 1175 1317 1222 supra
1356 1160 1649 1223 significaui.

280 1234 355 1281 De
394 1235 665 1281 extenuata
701 1234 757 1281 ui
794 1233 937 1281 uerbi
970 1234 1177 1297 cogendi
1208 1234 1370 1282 actiue
1403 1234 1554 1296 positi
1585 1235 1632 1283 J.
1663 1234 1858 1282 Vahlen

171 1308 369 1370 copiose
416 1307 654 1356 disseruit
700 1302 1068 1373 (Sitzungsber.
1108 1308 1151 1355 d.
1191 1308 1322 1355 Berl.
1363 1307 1513 1356 Acad.
1554 1308 1599 1355 d.
1637 1307 1858 1356 Wissen-

173 1382 350 1430 schaft.
386 1383 525 1430 1882
559 1398 606 1444 p.
633 1383 737 1430 277
765 1375 878 1447 sq.).
942 1381 1222 1430 Germanici
1261 1383 1431 1429 autem
1459 1398 1509 1430 u.
1546 1383 1610 1431 15
1653 1381 1859 1429 eandem

169 1455 277 1503 uim
333 1458 655 1504 extenuatam
715 1456 917 1517 passiuo
979 1455 1256 1504 subiectam
1321 1470 1427 1504 esse
1488 1455 1739 1516 uidemus,
1800 1459 1862 1502 ut

171 1544 311 1590 eoyor
363 1529 458 1577 hoc
512 1529 620 1577 loco
666 1529 1099 1591 interpretandum
1146 1530 1233 1577 sit:
1287 1528 1367 1577 ich
1413 1528 1551 1576 ffihle
1596 1529 1728 1576 mich
1775 1544 1860 1591 ge-

172 1603 415 1667 drungen‚
454 1602 506 1650 id
537 1603 671 1664 quod
699 1619 799 1651 non
836 1604 1047 1651 nimium
1079 1603 1220 1651 abest
1251 1602 1312 1650 ab
1345 1603 1534 1651 usitata
1563 1602 1618 1649 ui
1648 1602 1861 1664 passini:

174 1677 254 1724 ich
293 1677 407 1725 sehe
446 1677 579 1725 mich
610 1677 850 1740 genotigt.
913 1691 1051 1736 coyor
1082 1678 1252 1724 autem
1284 1676 1586 1738 optimorum
1615 1676 1861 1724 librorum

173 1751 476 1799 auctoritate
514 1766 634 1812 prae
672 1750 886 1798 lectione
929 1749 983 1799 Z
1017 1765 1160 1799 conor
1199 1750 1488 1798 correctoris
1534 1766 1736 1797 manum
1783 1750 1858 1797 in-

173 1824 370 1872 dicante
419 1823 650 1872 firmatur
687 1826 739 1872 et
784 1826 989 1886 propter
1035 1823 1366 1872 differentiam
1410 1825 1685 1872 formarum
1730 1839 1791 1872 ne
1826 1839 1861 1884 9

172 1898 374 1960 quidem
411 1898 647 1946 litteram·
665 1913 780 1945 cum
809 1914 844 1945 n
875 1914 995 1946 casu
1033 1900 1391 1947 commutatam
1430 1897 1728 1946 censendum
1768 1901 1857 1946 est.

280 1972 342 2019 V.
375 1973 442 2020 59
483 1987 513 2020 a
551 1971 718 2020 uerbis
758 1973 966 2032 lucetque
994 1974 1261 2021 nouissima
1293 1973 1450 2020 cauda
1481 1971 1710 2034 apodosis
1745 1987 1853 2020 sen-

168 2046 357 2093 tentiae
410 2045 601 2107 incipit.
678 2046 894 2094 Aratum
940 2038 1010 2111 (u.
1047 2047 1116 2095 58
1150 2038 1278 2110 sqq.)
1319 2046 1451 2093 enim
1489 2048 1713 2108 secutus,
1758 2061 1859 2093 non

170 2118 540 2181 Hipparchum,
596 2119 682 2182 qui
727 2119 804 2167 illi
845 2113 1128 2184 (comment.
1169 2121 1193 2167 Ι
1234 2136 1271 2168 c.
1310 2120 1384 2167 IV
1423 2117 1454 2181 ξ
1487 2121 1521 2167 4
1563 2136 1666 2182 sqq.
1706 2135 1752 2181 p.
1788 2121 1857 2168 32

171 2192 224 2242 G.
262 2186 529 2260 Manitius)
567 2193 832 2242 oblocutus
873 2199 963 2257 est,
1004 2193 1339 2253 GermanicUS‚
1378 2196 1438 2242 ut
1477 2193 1647 2242 stellas
1685 2212 1715 2257 γ
1747 2196 1798 2241 et
1829 2193 1854 2251 ξ

173 2266 400 2315 draconis
450 2270 501 2315 et
538 2285 572 2330 η
609 2282 755 2315 ursae
803 2268 1006 2316 maioris
1052 2270 1257 2330 propter
1303 2267 1583 2315 claritatem
1629 2268 1761 2315 inter
1807 2282 1859 2315 se

171 2355 442 2404 congruere
489 2341 708 2404 doceret,
755 2341 984 2389 dextrum
1028 2343 1228 2404 tempus
1267 2341 1493 2390 draconis
1535 2340 1858 2404 significauit.

170 2413 234 2461 ab
272 2414 430 2463 Arato
469 2417 640 2463 autem
669 2415 778 2477 ipso
809 2415 883 2464 ita
913 2415 1158 2480 dissentit,
1190 2417 1250 2463 ut
1280 2415 1412 2478 quod
1443 2415 1529 2463 ille
1554 2415 1681 2463 dixit
1710 2431 1759 2462 u.
1786 2414 1856 2463 59

171 2486 300 2551 μάλα
331 2481 372 2535 δ’
415 2485 511 2536 ἐστὶ
549 2484 644 2536 κατ’
690 2487 780 2537 ἰθύ
819 2490 1137 2551 interpretari
1167 2489 1456 2551 neglexerit.
1533 2488 1859 2551 quantumuis

171 2562 303 2609 enim
349 2561 548 2610 Helices
595 2562 753 2610 cauda
792 2579 823 2611 a
861 2564 1024 2625 capite
1064 2563 1290 2612 draconis
1330 2563 1504 2626 distet,
1554 2565 1724 2611 tamen
1761 2562 1856 2609 hae

171 2635 346 2684 stellae
387 2635 450 2683 ad
489 2635 771 2684 claritatem
807 2637 1045 2686 uidentur
1083 2652 1190 2686 esse
1228 2637 1439 2686 uicinae.
1516 2651 1668 2699 quare
1701 2635 1856 2683 Auie—

170 2724 265 2758 nus
297 2724 493 2772 quoque
516 2708 659 2757 Arat.
693 2711 795 2759 159
830 2726 934 2773 sqq.
967 2710 1230 2759 draconem
1259 2726 1405 2759 ursae
1438 2711 1598 2772 spatio
1622 2709 1856 2771 propiore

170 2783 654 2846 appropinquantem
685 2789 736 2831 et
766 2783 978 2832 confinia
1007 2785 1194 2833 caudae
1217 2785 1355 2832 illius
1380 2784 1677 2833 subeuntem
1707 2782 1858 2845 fingit

170 2872 416 2920 ursaeque
461 2857 629 2906 stellas
670 2856 791 2905 dicit
827 2857 1019 2905 uicinas
1058 2858 1300 2906 flammas,

281 2930 570 2980 Lectionem
613 2930 855 2979 librorum
893 2948 940 2981 u,
975 2932 1077 2980 119
1128 2947 1254 2993 quae
1295 2932 1371 2979 est
1419 2933 1554 2991 siyno
1592 2945 1694 2977 una
1731 2943 1857 2978 uoce
