2106 3140
287 113 461 158 XXXII
953 111 1294 157 PRAEFATIO

286 239 490 298 hausen,
532 235 786 299 Auyustus
821 253 868 286 u.
910 253 949 286 s.
989 238 1095 285 Zeit
1130 238 1170 285 I
1194 239 1230 285 2
1259 251 1313 297 p.
1346 236 1445 284 544
1467 252 1562 298 sqq.
1603 242 1645 286 et
1675 238 1791 292 830,
1830 238 1902 285 II
1933 241 1964 286 1

275 328 327 373 p.
361 313 476 359 477.
1908 336 1909 339 =

399 384 665 448 Spicilegio
704 385 888 432 iterum
926 384 1059 432 facto
1091 384 1214 431 haec
1245 387 1583 433 accesserunt:
1628 387 1692 433 19
1728 386 1897 432 seruat
1921 382 1970 433 0

283 474 366 507 ser
405 454 519 521 (sic)
542 458 592 505 B
670 459 736 506 28
771 473 923 517 supra
960 458 1092 505 feras
1124 458 1295 516 leyitur
1318 457 1453 506 dicas
1476 458 1550 505 Ba
1626 460 1692 507 32
1729 456 1898 506 Cresia
1922 455 1971 507 C

283 531 484 580 Cressia
507 531 612 578 BP
631 535 731 579 inl
796 532 863 579 36
890 529 1116 578 mendaci
1133 527 1182 579 C
1206 531 1456 579 mendacis
1479 532 1683 580 Bam&
1746 533 1851 580 338
1878 532 1964 579 ad-

284 605 398 653 fiete
453 603 543 652 A*
650 606 752 652 381
803 604 951 666 pristi
994 604 1075 651 Ba
1173 606 1276 653 389
1325 605 1367 651 Ε
1420 602 1576 654 OBa
1613 608 1721 652 ’ΜΛ
1786 605 1852 652 Et
1918 604 1971 654 Z

286 676 393 728 484
426 678 690 741 flagrantia
725 674 779 727 Ο
828 677 1064 741 flagranti
1095 677 1150 725 E
1224 680 1324 727 661
1360 677 1446 726 Nil
1467 705 1529 712 —
1550 679 1622 726 nil
1645 679 1725 725 Ba
1749 693 1804 726 ex
1842 678 1965 726 nihi]

283 756 399 800 mut.
432 752 480 799 L
557 750 580 797 1
611 751 738 798 nihil
767 751 822 798 E
854 767 1021 813 maryo
1061 754 1092 799 7
1095 753 1161 800 03
1193 756 1237 799 et
1272 754 1370 800 704
1401 755 1454 800 in
1485 755 1701 813 maryine
1737 753 1967 812 inferiore

282 840 459 873 manus
483 826 646 873 eadem
669 826 856 873 addidit
879 825 954 872 Βει
983 826 1070 873 Fr.
1088 826 1161 873 II
1179 825 1210 873 5
1233 825 1367 874 tristi
1392 825 1637 874 Saturnus
1667 825 1719 875 Z
1753 825 1968 874 tristiter

283 900 520 947 saturnus
565 898 620 946 E
667 898 913 959 Speci‘men
964 901 1232 959 scripturae
1284 901 1456 948 codicis
1507 900 1829 948 Bononiensis
1882 896 1965 959 (cf.

274 988 328 1033 p.
357 970 461 1032 XI)
500 974 746 1021 inuenitur
775 974 836 1021 -in
872 973 970 1021 The
991 973 1421 1034 Palaeoqraphical
1443 973 1639 1034 Society,
1662 974 1796 1022 Part.
1825 973 1972 1021 VIII

272 1047 345 1107 pl.
378 1048 446 1095 96
485 1044 576 1107 (cf.
614 1046 814 1102 Holder,
852 1043 1034 1095 Anieni
1071 1049 1292 1095 carmina
1319 1062 1374 1107 Ρ.
1402 1047 1571 1107 XIII)
1622 1049 1678 1096 de
1716 1047 1887 1095 Buhlii
1926 1050 1969 1095 et

284 1120 496 1168 Habmae
542 1121 826 1168 editionibus
882 1122 941 1180 cf.
985 1119 1153 1175 Orelli,
1191 1121 1406 1169 Phaedri
1453 1122 1550 1181 fab.
1590 1137 1643 1181 p.
1678 1123 1775 1169 149
1809 1136 1875 1181 sq.
1925 1124 1968 1168 et

282 1195 391 1244 edit.
423 1193 586 1243 Berol.
617 1209 670 1253 p.
704 1194 904 1242 XXXI.

394 1267 572 1315 Restat
609 1269 668 1314 ut
697 1267 1039 1315 Ministerio
1070 1267 1281 1331 Regio,
1320 1283 1418 1330 quo
1450 1268 1755 1331 suffragante
1794 1283 1964 1315 recen-

283 1341 383 1389 tior
428 1340 583 1389 codex
627 1340 934 1389 Matritensis
980 1341 1104 1388 mihi
1149 1341 1203 1388 in
1246 1341 1375 1389 hanc
1421 1343 1596 1390 urbem
1641 1342 1964 1390 transmissus

282 1417 382 1478 est,
429 1430 488 1462 ea
527 1430 626 1478 qua
662 1430 754 1477 par
793 1417 870 1462 est
908 1414 1226 1463 obseruantia
1264 1415 1453 1478 gratias
1493 1431 1640 1478 agam
1679 1416 1763 1463 uel
1809 1414 1965 1462 maxi-

283 1504 403 1537 mas,
481 1503 643 1551 neque
682 1488 752 1537 eis
791 1487 914 1554 uiris
950 1488 1122 1551 doctiS‚
1163 1488 1250 1551 qui
1280 1504 1358 1536 me
1390 1488 1443 1535 in
1472 1487 1567 1536 hac
1600 1488 1815 1536 editione
1848 1503 1963 1536 con-

283 1562 495 1610 ficienda
540 1563 862 1623 adiuuerunt,
916 1562 1155 1610 minorem
1204 1561 1362 1610 habeo
1411 1563 1627 1626 gratiam
1675 1576 1966 1624 semperque

283 1636 488 1685 habebo.
565 1638 766 1698 praeter
804 1650 886 1684 eos
925 1638 1109 1700 autem,
1150 1651 1274 1699 quos
1311 1636 1413 1684 iam
1445 1635 1781 1698 compluribus
1811 1635 1965 1683 huius

280 1710 608 1772 praefationis
661 1710 783 1758 locis
837 1710 1244 1772 commemoraui,
1300 1710 1453 1758 etiam
1506 1709 1794 1758 nominandi
1849 1710 1968 1757 sunt

284 1783 385 1831 uiri
430 1783 691 1832 clarissimi
737 1786 787 1831 et
831 1783 1106 1832 doctissimi
1154 1783 1213 1831 V.
1251 1783 1404 1832 Rose
1444 1786 1495 1831 et
1532 1783 1586 1831 L.
1629 1782 1826 1846 Stern,
1879 1782 1968 1845 qui

284 1857 425 1905 libris
464 1857 816 1921 manuscriptis
854 1857 1184 1906 bibliothecae
1223 1856 1409 1920 Regiae
1447 1857 1782 1906 Berolinensis
1821 1871 1966 1918 prae-

285 1933 551 2055 suntsorib.
590 2004 812 2054 Berolini
851 2007 1092 2054 auiumno
1133 2003 1646 2054 a.MDccoch111.
