2106 3140
255 111 385 155 XXX
921 108 1261 153 PRAEFATIO

256 236 483 283 ferretur.
561 233 648 282 sed
699 250 796 297 quo
833 234 886 281 id
925 249 1134 296 eumque
1172 233 1320 282 modo
1359 249 1410 282 se
1449 234 1620 298 habet,
1660 234 1712 281 in
1750 235 1843 282 hac
1879 250 1936 283 re

255 304 473 357 rationes
512 308 574 356 ab
606 307 856 371 elegantia
884 307 1129 370 poematis
1161 307 1318 368 ipsius
1347 309 1604 371 repetitae,
1645 323 1768 370 quas
1798 307 1934 356 Berl.

255 382 377 444 phil.
393 381 742 429 Wochenschr.
763 382 903 429 1893
923 381 1011 429 col.
1035 382 1173 429 1133
1202 396 1306 443 sqq.
1339 382 1504 446 attuli,
1528 381 1690 430 maius
1715 394 1934 430 momen·-

257 458 366 504 tum
405 456 567 503 facere
606 454 730 502 mihi
765 453 1017 502 uidentur.

366 529 544 577 Restat
589 528 925 591 fragmentum
964 530 1180 591 sextum,
1233 528 1367 591 quod
1413 528 1619 576 debetur
1664 529 1934 577 Prisciano.

257 603 390 665 quod
428 602 470 649 si
508 602 570 649 ad
600 601 948 649 Phaenomena
976 601 1083 649 iure
1115 602 1331 650 refertur
1363 596 1449 665 (cf.
1480 603 1645 650 Maass
1686 603 1790 651 eod.
1824 603 1937 650 loco

256 692 302 738 p.
335 669 474 738 XII),
513 674 649 722 haud
689 674 790 723 scio
829 691 892 722 an
930 677 1047 737 post
1082 690 1132 723 u.
1167 677 1270 725 263
1311 676 1477 724 locum
1514 676 1760 724 habuerit.

364 749 498 796 Dum
534 748 737 796 libellus
774 748 913 810 prelo
952 749 1218 813 premitur,
1262 749 1386 798 haee
1425 749 1651 798 addenda
1689 751 1740 797 et
1779 749 1934 797 corri-

256 822 416 886 genda
456 836 559 870 esse
597 821 842 870 intellexi:

366 898 396 944 5
432 897 635 944 ardente
664 893 911 955 (lineolam
944 911 1096 956 supra
1131 912 1156 944 e
1193 898 1302 945 add.
1339 912 1400 945 m.
1417 897 1475 957 2)
1511 897 1561 944 Β
1641 899 1706 945 12
1739 911 1855 959 pars
1880 896 1941 958 (a.

255 985 310 1017 ex
341 984 459 1018 corr.
492 984 555 1018 m.
572 970 625 1027 1)
657 970 708 1017 Β
786 972 852 1019 26
894 969 1177 1032 Plaustraq3
1217 970 1286 1033 (q3
1317 986 1470 1031 supra
1508 986 1538 1018 a
1576 972 1685 1019 add.
1717 986 1781 1019 m.
1800 970 1854 1030 1)
1882 971 1939 1018 B

257 1045 323 1092 33
363 1043 544 1093 merita
575 1044 622 1090 P
703 1045 772 1092 35
813 1044 1066 1092 Tutarunt
1093 1059 1190 1104 pro
1236 1045 1473 1092 fouerunt
1518 1046 1711 1093 coniecit
1755 1045 1934 1093 Wake-

252 1118 366 1176 field
401 1119 466 1166 ad
494 1118 685 1165 Lueret.
710 1118 782 1165 II
808 1119 908 1165 634
948 1116 1040 1176 (ed.
1075 1117 1358 1179 Glasyuens.
1391 1119 1523 1166 1813
1557 1119 1650 1166 uol.
1673 1119 1713 1166 I
1727 1134 1781 1179 p.
1807 1118 1937 1178 306)-

255 1192 322 1239 36
348 1191 544 1239 Dictaei
566 1193 749 1255 texere,
774 1190 894 1239 deae
918 1190 1109 1255 famuli,
1134 1190 1439 1254 Corybantes
1463 1194 1579 1240 coni.
1627 1193 1752 1240 idem
1776 1193 1939 1240 eodem

254 1265 351 1312 loco
391 1266 459 1313 46
472 1264 730 1324 cardineP
765 1266 832 1313 58
852 1280 978 1327 quae
996 1267 1155 1325 conis
1186 1268 1251 1314 59
1273 1281 1498 1328 quaeque
1516 1266 1634 1313 coni.
1645 1267 1677 1324 f
1706 1267 1775 1314 80
1793 1265 1932 1327 ophi·

252 1338 437 1386 uchum
455 1338 533 1397 (ex
550 1353 670 1387 corr.
685 1354 746 1386 m.
765 1337 882 1398 1)B
929 1340 997 1387 88
1022 1337 1103 1386 Ad
1120 1353 1176 1386 ex
1189 1338 1262 1387 At
1277 1353 1395 1388 eorr.
1412 1355 1474 1387 m.
1494 1341 1523 1386 1
1547 1339 1598 1386 Β
1622 1340 1722 1401 qua
1741 1339 1792 1386 Β
1808 1354 1934 1402 quas

256 1412 455 1460 edorsos
478 1412 676 1460 inuadit
699 1413 764 1459 M
837 1414 903 1461 89
931 1412 1071 1475 Chele
1090 1411 1349 1471 (detritum,
1380 1427 1477 1460 non
1501 1427 1693 1461 erasum
1714 1413 1929 1471 uidetur)

253 1487 302 1533 Β
381 1487 447 1535 93
487 1486 698 1534 tristitia
745 1484 790 1544 (s
828 1488 1033 1546 fortasse
1070 1501 1132 1534 m.
1161 1489 1191 1533 1
1222 1485 1447 1546 inseruit)
1487 1487 1536 1533 Β
1631 1488 1732 1535 107
1773 1486 1936 1534 famat

252 1560 304 1606 in
350 1560 524 1608 mediis
561 1560 609 1606 P
697 1561 798 1608 131
849 1560 984 1607 eff&a
1021 1560 1070 1606 P
1144 1564 1257 1620 post
1301 1561 1403 1607 134
1448 1560 1563 1609 haee
1607 1564 1719 1608 sunt
1768 1562 1822 1608 in
1858 1559 1935 1606 B:

256 1632 492 1696 Quisquis
525 1637 605 1682 ate
636 1633 774 1695 prior
803 1649 892 1681 nee
923 1634 1140 1697 uestigia
1172 1634 1340 1696 quinq.
1372 1633 1588 1682 secunda
1666 1635 1769 1683 135
1794 1648 1934 1681 mens

253 1711 329 1755 est
380 1707 571 1756 laetata
615 1710 733 1756 coni.
777 1707 843 1756 N.
881 1707 1117 1756 Heinsius
1163 1707 1401 1768 (Pr-opert.
1450 1709 1551 1756 edd.
1590 1707 1854 1756 Burmann
1893 1710 1936 1755 et

253 1780 435 1829 Santen
470 1797 524 1842 p.
558 1782 681 1842 530)
790 1783 893 1830 138
944 1781 1264 1830 Germanicus
1309 1782 1441 1842 apud
1484 1780 1698 1830 Aratum
1741 1797 1790 1830 u.
1830 1782 1933 1828 134

253 1855 363 1915 leyit
399 1848 558 1902 ἔπτατ’
595 1853 863 1918 ἐπουρανίη
904 1854 986 1915 (ef.
1018 1855 1196 1904 Maass
1223 1871 1277 1916 10.
1302 1855 1390 1916 11)
1470 1857 1570 1904 145
1613 1857 1818 1914 fortasse
1849 1870 1932 1902 ex-

252 1929 456 1990 plentur
501 1944 598 1989 pro
657 1930 886 1991 expletur
943 1930 1189 1990 leyendum
1250 1932 1318 1977 est
1424 1930 1528 1977 194
1580 1929 1814 1977 Heinsius
1867 1929 1934 1976 ad

256 2001 394 2051 Ouid.
433 2007 540 2051 met.
588 2003 702 2051 VII
732 2005 837 2052 268
876 2004 1169 2051 commendat
1214 2004 1539 2051 scribendum:
1591 2018 1779 2064 pernox
1817 2017 1932 2049 cum

254 2077 389 2124 eaelo
436 2076 559 2125 luna
601 2076 813 2125 refulsit.
890 2071 978 2124 ‘ita
1025 2077 1155 2124 locus
1203 2078 1283 2125 ille
1322 2091 1377 2125 ex
1414 2078 1604 2136 optimis
1641 2077 1934 2124 membranis

252 2146 562 2199 seribendus'.
683 2153 783 2200 196
832 2152 891 2210 of.
938 2151 1196 2205 HeinsiuS,
1249 2147 1456 2198 Aduers.
1503 2152 1603 2198 149
1719 2151 1821 2197 199
1870 2152 1929 2209 ef.

256 2225 486 2272 Heinsius
516 2226 582 2273 ad
607 2224 746 2272 Ouid.
779 2228 866 2273 art.
901 2240 993 2273 am.
1025 2225 1131 2272 III
1156 2226 1258 2272 429
1335 2226 1438 2272 201
1480 2225 1689 2286 totamq.
1729 2238 1930 2271 eernere

251 2297 299 2344 P
372 2299 474 2346 205
508 2313 578 2360 sq.
619 2298 946 2361 districtaque
984 2297 1171 2360 pendet
1206 2297 1434 2361 Brachia,
1473 2313 1564 2345 eeu
1592 2297 1762 2359 magni
1792 2298 1929 2344 tene-

254 2373 403 2419 antur
424 2372 600 2420 robore
626 2372 732 2420 saxi
757 2373 1024 2431 Wakefield
1047 2373 1113 2420 ad
1133 2372 1326 2420 Lueret.
1361 2372 1408 2420 V
1425 2372 1560 2419 1034
1593 2364 1781 2436 (IIIp.
1807 2374 1873 2417 17
1877 2372 1929 2430 6)

254 2446 359 2494 234
399 2445 492 2494 Est
529 2448 699 2494 autem
736 2445 993 2508 propriore
1022 2445 1071 2492 P
1142 2447 1246 2494 247
1279 2446 1487 2494 scholion
1515 2442 1768 2499 Aramum,
1807 2445 1932 2504 quod

251 2534 405 2579 supra
432 2534 487 2579 p.
521 2519 728 2567 XXIII
754 2534 810 2567 ex
839 2521 885 2567 I.
924 2519 1133 2568 Bekkeri
1169 2517 1325 2568 Arato
1373 2520 1538 2573 attuli,
1571 2533 1700 2566 nune
1738 2519 1929 2572 Maass,

255 2592 714 2641 Commentariorum
758 2595 812 2641 in
850 2591 1064 2641 Aratum
1100 2594 1332 2653 reliquiae
1360 2609 1415 2653 p.
1447 2594 1550 2640 383
1573 2607 1640 2652 sq.
1681 2586 1929 2657 (Berolini

252 2667 407 2727 1898)
445 2668 515 2715 ita
539 2668 720 2715 edidit.-
759 2663 784 2715 ὁ
817 2663 870 2714 δὲ
902 2664 1147 2731 ἀριστερὸς
1177 2659 1308 2730 ὦμος
1337 2672 1423 2730 τῆς
1449 2661 1774 2732 Ἀνδρομέδας
1804 2667 1929 2727 πλη-

254 2739 404 2798 σιάζει
449 2746 534 2788 τῶι
574 2735 733 2804 Ἰχθύι
778 2739 832 2789 ἐν
876 2746 955 2803 τῆι
1001 2740 1412 2806 σφαιρογραφίαι,
1452 2737 1477 2789 ὅ
1517 2736 1570 2788 δὲ
1609 2734 1766 2798 δεξιὸς
1803 2734 1929 2802 <ἐν>

252 2819 331 2877 τῆι
391 2812 763 2879 οὐρανοθεσίαι·
819 2811 1060 2878 ἐμπέπηγε
1106 2812 1199 2879 γὰρ
1245 2809 1321 2863 ἐπ’
1374 2811 1495 2877 ὄψιν
1547 2819 1645 2862 τῶν
1699 2810 1928 2875 οὐρανῶν

253 2886 309 2935 τὰ
350 2886 535 2951 ζώιὸια,
574 2885 655 2936 καὶ
693 2886 751 2936 τὰ
789 2894 919 2936 νῶτα
957 2886 1120 2936 αὐτῶν
1158 2884 1297 2951 ἡμεῖς
1343 2884 1552 2953 ὁρῶμεν·
1604 2884 1664 2936 οὐ
1709 2884 1802 2951 γὰρ
1843 2885 1928 2933 δυ-
